2880 4952
345 465 394 542 54·
525 461 849 541 DISSERTATIO
897 461 1124 542 JURIDICA

353 671 539 748 divortium
569 673 721 772 exigere,
744 671 897 776 adeoqr're
914 674 1014 748 etiam
1035 672 1296 774 applicationem

352 829 481 904 articuli
514 851 583 926 299
614 841 648 902 et
676 827 848 904 hocsem
878 833 1000 929 conjnx
1021 831 1181 905 innocens
1196 831 1299 904 amit-
1435 929 1436 936 ἵ

328 1001 437 1062 teret
457 984 654 1076 commoda,
691 988 814 1082 conjnx
842 1012 965 1060 nocens
999 1013 1081 1070 vero
1114 1013 1152 1060 ea
1169 981 1323 1080 retine-¹

349 1159 403 1220 ret
423 1146 478 1223 Cf.
504 1165 709 1222 rnononon
738 1157 829 1222 tom.
854 1145 885 1222 1.
909 1169 1000 1242 pag.
1032 1145 1079 1221 34
1100 1157 1134 1224 et
1149 1087 1298 1248 seqiren-
1324 1167 1326 1170 ·

352 1305 454 1382 tibus.
1083 1307 1085 1312 ’
1173 1307 1177 1312 ’

766 1464 796 1562 a.
844 1462 879 1539 a.

399 1781 538 1856 Tertius
562 1783 701 1858 effectos
726 1795 795 1874 est,
834 1777 927 1881 qnod
949 1783 1193 1882 separationem
1215 1783 1295 1858 tho-

350 1937 439 2010 riet
467 1961 603 2010 mensae
633 1962 769 2038 semper
798 1951 958 2040 sequatur
985 1938 1147 2038 separatio
1177 1938 1294 2015 bono-

350 2122 453 2190 rum;
486 2097 611 2173 idcireo
639 2099 800 2173 sententia
832 2123 900 2199 qua
941 2098 1122 2200 separatio
1140 2098 1228 2174 thori
1252 2123 1292 2172 ao

353 2279 490 2331 mensae
521 2257 779 2356 pronunciatur,
810 2255 884 2332 fieri
913 2255 1016 2333 debet
1040 2255 1165 2332 'eadem
1186 2260 1294 2339 torma.

352 2439 392 2488 ae
423 2437 510 2515 quae
545 2416 749 2515 praescripta
787 2429 839 2488 est
864 2389 930 2513 pro
955 2414 1160 2515 separatione
1182 2412 1293 2487 bono-

352 2593 442 2649 rum.
489 2571 668 2648 Caeterum
694 2572 723 2646 si
753 2569 978 2648 reconoiiatio
1003 2571 1092 2647 inter
1132 2573 1291 2672 conjuges

350 2729 408 2822 fit,
446 2727 643 2802 communio
670 2719 847 2801 =bonorum
880 2729 956 2826 ipso
989 2730 1065 2825 jure
1095 2752 1163 2802 noo
1188 2730 1288 2801 resti·

348 2885 474 2978 tritor,
507 2882 568 2958 sed
592 2905 704 2958 rursus
740 2881 897 2958 constitui
924 2880 1049 2974 debet,
1081 2883 1289 2958 instrumen-

350 3040 387 3118 'ta
413 3041 571 3144 legitime
597 3043 709 3116 'eoram
741 3039 877 3116 notariis
908 3041 1086 3131 confecto,
1108 3040 1201 3116 Art.
1218 3042 1287 3117 511

350 3199 440 3289 Cori.
467 3201 544 3277 civ.

771 3361 804 3450 i·
853 3358 905 3433 4·'

373 3663 463 3753 ¹4⁰.
511 3671 613 3766 Quod
645 3672 673 3746 si
698 3671 821 3770 conjux
853 3671 913 3770 qui
943 3671 1188 3772 separationem
1218 3673 1289 3747 im-

348 3830 494 3938 petrarit
531 3841 603 3906 'non
642 3829 761 3906 habeat
798 3827 889 3905 unde
924 3853 961 3905 se
992 3845 1180 3924 sustenter,
1221 3831 1287 3904 ali·

1190 4011 1292 4063 meli·
