2880 4952
342 423 911 520 ananonntn1n
1051 433 1101 533 n

564 695 598 787 a·
649 663 710 770 oq
850 669 854 679 “

203 951 345 1031 Maritus
378 951 512 1028 effinse
534 966 657 1053 ‘potest
700 966 743 1030 nt
770 952 910 1028 effoetus
933 951 1099 1028 oondena-

154 1111 299 1186 nationis
327 1125 453 1200 oesaet‚
499 1109 635 1186 sivolit
660 1135 800 1186 uxorem
819 1135 915 1184 anam
930 1111 1098 1212 recipere,

156 1267 250 1344 Art.
278 1269 361 1364 3⁰9·
408 1264 478 1340 Sed
511 1265 703 1366 quaeritur,
740 1289 784 1338 an
818 1263 880 1338 hac
903 1267 1100 1339 reconcilia-

157 1427 250 1501 tione
289 1424 487 1501 donationes
535 1425 610 1524 ipso
642 1425 715 1522 jure
749 1424 973 1502 reviviscant?
1014 1424 1099 1500 mihi

157 1582 297 1680 quidem
341 1582 497 1684 negando
543 1579 817 1682 respondendnm
859 1582 1008 1674 videtur,
1065 1581 1096 1656 si

155 1743 249 1816 enim
292 1739 430 1816 donatio
472 1739 561 1814 inter
590 1738 746 1814 honines
780 1737 997 1815 matrimonio
1029 1765 1099 1816 non

157 1900 371 1998 coniunctos,
398 1895 446 1972 ob
470 1896 638 1998 ingratum
662 1897 815 1972 animum
840 1923 903 1998 per
930 1897 1098 1996 judicium

153 2069 308 2132 revocata
338 2057 406 2146 sit,
435 2079 497 2154 per
526 2057 831 2132 renonciliationem
863 2081 932 2129 non
955 2055 1099 2132 revivis-

156 2226 222 2290 oat.
268 2213 443 2287 Praeterea
475 2237 586 2312 neque
609 2213 804 2288 communio
831 2210 999 2286 bonorum
1021 2236 1092 2286 res.

154 2375 311 2464 tituitur,
340 2371 494 2472 adeoque
512 2371 620 2446 multo
640 2371 752 2446 minus
769 2369 977 2448 donationes.
1025 2370 1096 2448 Sed
1146 2385 1149 2396 ¹

153 2531 210 2604 si'
224 2530 361 2604 donatio
396 2555 485 2628 quae
510 2530 596 2602 facto
627 2541 697 2602 erat
721 2541 900 2606 eontracta
927 2529 1097 2630 nuptiali,

153 2711 311 2788 expresse
341 2698 541 2776 renovetur,
571 2711 614 2764 an
643 2699 717 2762 tum
739 2689 771 2762 ei
802 2685 1021 2788 applicandus
1046 2699 1098 2762 ent

153 2845 246 2920 Art.
296 2841 387 2940 1096
429 2841 490 2942 qui
540 2839 623 2918 dicit
662 2841 858 2919 donationes
889 2859 997 2922 stante
1018 2872 1097 2920 ma*-

154 3002 313 3080 tsimonio
337 3002 437 3076 nens
467 3023 568 3096 posse
597 3000 771 3085 revocari,
797 2999 852 3074 vel
881 3001 973 3077 Art.
1005 3003 1097 3097 1395

155 3159 216 3258 qui
246 3155 328 3232 dicit
369 3155 564 3231 donationes
608 3165 779 3230 contractu
816 3133 959 3255 n'uptioli
993 3158 1095 3232 saetas

15 3329 23 3348 ·
154 3314 303 3392 revocari
332 3339 401 3388 non
426 3338 547 3415 posse,
576 3311 734 3412 adeoque
748 3339 832 3390 num
855 3328 906 3390 est
925 3313 1008 3391 haec
1026 3315 1093 3392 do·

154 3473 246 3548 natio
261 3471 463 3552 revocabilis
483 3473 629 3549 annoni
652 3460 737 3550 Mihi
757 3474 897 3576 quidem
917 3475 1093 3552 revocabi-

151 3629 195 3706 lis
229 3629 383 3721 videtum
430 3655 512 3704 nom
550 3649 661 3734 'quum
685 3633 762 3733 ipso
789 3635 861 3730 jure
881 3657 943 3733 per
969 3655 1092 3708 aeeon·

147 3783 353 3862 dtnttonem
383 3812 451 3862 non
491 3771 687 3876 reviviscat,
728 3788 820 3866 nulla
845 3789 1005 3892 obligatio
1035 3802 1088 3864 est

474 3979 478 4012 π
630 3948 709 4025 Εδ
928 4037 932 4042 q
1009 3967 1095 4019 oon-
