2880 4952
374 439 419 490 ao
549 411 858 490 DISSERTATIO
905 413 1128 492 walmes

374 624 535 724 consequi
567 625 702 721 nequit,
737 625 899 726 conjuges
922 624 1017 722 jobet
1042 624 1207 724 judicium
1227 649 1310 724 pec·

384 781 498 880 sequi,
531 806 641 880 neque
669 807 757 877 opus
782 796 833 856 est
858 784 1087 857 conciliatione
1119 807 1232 856 coram
1256 785 1314 880 ju-

368 935 459 1011 ·dice
510 937 746 1027 Pacificatore3
790 940 886 1012 uxori
924 941 1152 1013 auctoritatem
1170 917 1242 1012 vdat
1277 943 1315 1014 ln

361 1094 503 1190 ‘judicio
524 1093 663 1170 sistendi
687 1107 721 1168 et
737 1107 845 1168 stante
868 1091 994 1191 judicio
1023 1089 1059 1168 iia
1087 1094 1315 1195 domopecn-

362 1249 457 1325 ·lieri
481 1249 677 1346 habitandi,
701 1251 792 1329 Art.
809 1251 981 1352 8780001.
1001 1255 1047 1324 de
1067 1251 1224 1326 Proced.
1237 1251 1314 1326 cto.

424 1411 502 1484 Non
549 1421 663 1482 autem
711 1409 896 1482 necessaria
947 1408 1082 1484 videtur
1129 1407 1315 1482 conciliatio

360 1591 490 1640 coram
516 1563 628 1663 judice
655 1565 882 1664 pacificatore,
915 1565 1070 1664 quamvis
1098 1564 1185 1640 illud
1202 1564 1313 1666 primo

374 1721 539 1822 adspectu
576 1736 741 1824 repugnat
772 1725 861 1800 Art.
894 1723 964 1820 878
980 1724 1041 1822 qui
1063 1723 1113 1797 sic
1128 1747 1166 1796 se
1190 1721 1311 1796 habet:

372 1878 445 1950 <cil
482 1877 601 1951 rendra
635 1903 703 1950 une
734 1876 879 1952 seconde
915 1877 1127 1952 oidonnenoe
1154 1891 1315 1975 portant,

361 2057 397 2107 ἀ
420 2031 618 2135 qo’attendo
647 2032 732 2132 qu’il
758 2034 813 2104 n’a
835 2058 884 2134 pn
915 2033 1072 2108 concilies
1091 2033 1141 2107 les
1166 2033 1311 2134 parties,
1424 2037 1425 2130 i

371 2217 396 2268 c
418 2189 445 2266 il
479 2191 532 2274 les,
566 2191 704 2268 renvoie
737 2193 758 2264 d
788 2215 825 2263 se
850 2191 1012 2290 pourvoir
1024 2241 1036 2279 ‚
1068 2214 1144 2264 sans
1173 2191 1308 2264 citation

375 2375 399 2424 cc
421 2350 607 2450 prealable,
652 2375 695 2422 au
721 2347 849 2424 bureau
875 2347 919 2422 dc
947 2348 1195 2422 conciliatione
1240 2345 1309 2422 Sed

368 2506 585 2580 manifestum
618 2519 669 2578 est
692 2505 880 2606 virgulam,
916 2532 1003 2602 quae
1026 2519 1077 2580 est
1096 2519 1174 2606 post
1188 2528 1307 2580 vocem

364 2663 578 2758 preatabte,
623 2654 734 2735 encore
788 2664 1030 2764 typographico
1066 2667 1312 2753 intervenisse,

369 2821 527 2922 quamvis
552 2819 639 2894 adsit
664 2820 764 2892 etiam
792 2823 827 2891 in
854 2790 1057 2894 editionibus
1080 2820 1213 2920 publica
1229 2847 1313 2894 auo-

371 2976 503 3050 toritate
536 2971 655 3064 editis,
696 2999 764 3046 non
799 2985 914 3046 autem
950 2973 1120 3048 invenitur
1135 2975 1171 3048 in
1201 2977 1314 3084 specis
1353 3010 1357 3014 ·
1422 2997 1423 3068 ᾗ

362 3133 467 3205 -mioe
506 3129 653 3219 codicis,
697 3142 731 3202 et
763 3129 934 3227 analogiae
961 3129 1109 3228 jurisest
1129 3133 1313 3222 contraria,

373 3314 451 3361 nam
479 3251 665 3368 conciliatio
697 3313 809 3360 coram
834 3287 945 3384 jndice
982 3289 1192 3386 pacificatore
1226 3293 1312 3365 foret

371 3447 500 3520 inutilis
543 3447 573 3519 si
608 3448 676 3540 jam
707 3445 823 3518 locum
861 3445 988 3521 habuit
1011 3473 1123 3521 coram
1149 3446 1306 3524 Praeside

373 3599 566 3676 Tribunalis
603 3602 663 3701 qui
709 3604 861 3698 supelior
889 3599 992 3698 judici
1016 3603 1221 3700 pacificatori
1252 3618 1313 3680 est.
1421 3565 1422 3622 l

374 3755 479 3832 Porro
506 3757 562 3834 lex
585 3758 826 3856 separationem
853 3758 1019 3834 bonorum
1048 3761 1160 3836 locum
1191 3760 1314 3836 habere

1226 3929 1229 3934 ’
1249 3943 1317 3994 vo-
