2880 4952
323 361 890 461 trttttetttttuta
1030 405 1077 460 et

555 623 945 754 aas

133 911 237 977 .·a'.
285 900 341 974 ot
366 924 542 989 excessua,
572 902 748 990 saevitias,
772 899 910 997 injurias
928 923 1069 1000 graves,

130 1056 228 1132 elteri
259 1060 441 1159 conjugum
461 1058 505 1134 ab
535 1059 642 1134 altero
667 1059 780 1135 iactes.
828 1061 918 1135 Art.
947 1061 1029 1137 231.

137 1265 141 1272 ,
180 1216 275 1310 Quid
310 1231 426 1292 auteur
467 1242 531 1314 per
568 1216 627 1290 hes
650 1240 750 1295 voees
779 1215 1007 1314 intelligatur,
1041 1216 1078 1290 in

130 1373 211 1470 iege
235 1397 390 1470 expresse
409 1399 478 1448 uon
489 1371 631 1464 dicitur3
642 1371 702 1446 sed
719 1395 761 1448 ex
777 1370 1081 1470 disceptationibus

132 1554 241 1629 super
263 1535 352 1610 Art.
382 1532 465 1604 251.
486 1529 608 1604 habitis
639 1543 755 1628 patet,
784 1555 847 1629 per
874 1555 995 1606 vocem
1016 1555 1082 1610 ee·

130 1693 192 1762 tate
224 1685 442 1786 intelligenda
478 1710 554 1759 esse
591 1687 672 1760 talia
704 1687 811 1776 fecta,
851 1686 974 1788 φιίὺω
1008 1687 1079 1762 viu

130 1846 322 1921 alterutrius
355 1847 541 1944 corajugum
576 1845 613 1918 iri
650 1845 840 1944 periculum
873 1843 1074 1936 deduciturt

130 2027 193 2102 por
220 2027 342 2078 vocem
377 2004 514 2076 seaioeo
537 2001 769 2100 intelliguntur
794 1999 936 2098 iujuriae
962 2015 1077 2076 coutttt

130 2181 334 2258 personam
375 2183 436 2254 per
478 2180 598 2234 vocem
632 2159 776 2249 iujuree
817 2157 958 2253 injuriae
997 2181 1078 2234 ter·

130 2313 236 2388 balos.

182 2471 298 2562 Quum
320 2470 511 2544 ausemtex
540 2491 660 2542 omues
685 2492 779 2542 casus
795 2468 994 2568 praevidere
1007 2487 1074 2548 nott

133 2629 302 2730 potuerit,
346 2627 433 2702 illud
465 2625 602 2702 arbitrio
629 2627 793 2724 'judicum
817 2628 1076 2730 relinquendum

132 2801 205 2877 est,
236 2809 279 2858 au
302 2785 386 2858 iacta
411 2785 488 2858 talia
514 2783 584 2859 siut
607 2786 723 2886 qualia
747 2813 767 2859 a
799 2787 878 2887 lege
896 2791 1076 2890 requiram

131 2963 188 3022 tur
218 2945 263 3020 ed
302 2948 568 3046 separationem
612 2947 807 3045 quaesitum
852 2961 968 3019 autem
1007 2957 1078 3039 eat,

133 3129 178 3178 an
202 3102 328 3199 judices
359 3103 473 3176 faciles
501 3127 545 3193 au
568 3125 649 3174 vero
676 3099 828 3174 difficiles
848 3123 919 3174 esse
935 3101 1080 3176 debeant

135 3262 175 3334 in
216 3259 422 3358 admittenda
463 3281 562 3330 cause
604 3258 844 3356 separationis?
871 3257 979 3334 =·Suut
1019 3263 1080 3360 qui

133 3417 340 3490 contendant
371 3439 445 3506 eos,
480 3429 646 3516 quantum
681 3417 773 3490 selva
798 3417 874 3515 lege
900 3417 973 3492 fieri
997 3443 1078 3518 pos·

135 3587 211 3661 set,
246 3572 506 3671 separationibus
539 3569 663 3645 debere
693 3573 879 3671 indulgere.
928 3574 1013 3648 Mihi
1034 3576 1081 3648 il-

136 3733 197 3806 iud
238 3755 308 3804 nou
340 3729 494 3821 videtur3
536 3755 615 3804 nam
652 3732 815 3830 separatio
860 3747 912 3806 est
953 3733 1082 3806 mulum

648 3885 679 3956 B
705 3909 727 3959 2
991 3887 1083 3983 quod
