2880 4952
340 459 386 530 as
480 447 824 552 ,nssmrnrro
872 447 1104 530 somniet.

343 659 566 760 pertinentes·
605 656 845 758 obsignentur,
901 655 967 730 boe
1006 668 1120 730 autem
1158 617 1290 768 tantum

347 821 420 894 fleri
460 831 576 916 potest
618 831 697 915 post
738 817 887 915 primurn
938 813 1087 889 edictum
1127 811 1292 888 Praesidis

348 973 544 1088 Tribunalis
578 999 647 1074 quo
681 976 842 1070 conjuges
865 972 1020 1048 citantur.

393 1131 514 1230 Sigilla
553 1130 628 1204 tolli
666 1153 735 1203 non
762 1142 903 1230 possunt
934 1128 999 1202 nisi
1031 1126 1217 1203 inventario
1255 1139 1299 1202 et*

347 1286 579 1372 aestimatione
609 1287 724 1377 lactis,
773 1299 808 1359 et
847 1280 986 1384 insuper
1017 1283 1157 1358 maritus
1184 1307 1237 1356 res
1258 1283 1295 1356 in

350 1411 577 1521 inventarium
604 1444 716 1518 relatis
743 1441 929 1544 producere
968 1440 1072 1516 debet
1095 1441 1152 1518 vel
1175 1465 1211 1513 se
1235 1437 1296 1512 de·

349 1608 548 1706 positarinm
586 1604 779 1702 judicialem
817 1628 933 1676 earum
964 1603 1199 1692 constituere;
1232 1599 1297 1673 de-

352 1765 503 1862 positarii
541 1763 715 1858 judiciales
749 1775 862 1836 autem
894 1763 1082 1838 secundum
1112 1759 1292 1834 articulum
1413 1797 1414 1800 ¹

351 1919 445 1995 2060
477 1918 567 1994 eod.
601 1918 679 1992 Οἰν.
708 1941 838 1990 carcere
860 1932 1004 2015 possunt
1031 1918 1119 2020 cogi.
1183 1969 1189 1974 -
1254 1949 1258 1956 ’

398 2075 579 2167 Quaeritur
616 2087 754 2165 autem,
783 2099 826 2146 an
857 2075 997 2148 maritus
1028 2077 1089 2177 qui
1123 2075 1302 2176 deposita-2
1416 2047 1418 2124 l

351 2234 422 2310 rius
460 2233 484 2306 J
486 2231 637 2308 udicialis
673 2245 744 2323 est,
786 2257 839 2306 res
877 2232 1021 2309 mobiles
1043 2234 1189 2310 rendere
1213 2261 1299 2335 pos-

356 2389 431 2464 set?
464 2387 597 2466 videtur
624 2387 930 2506 distinguendum
967 2391 1092 2464 seilicet
1115 2415 1199 2464 uxor
1217 2393 1298 2494 qui-

356 2547 436 2622 dem
474 2571 548 2623 sese
582 2573 754 2648 opponere
783 2562 897 2648 potest
938 2548 1151 2642 venditioni,
1182 2549 1243 2625 sed
1270 2551 1298 2626 si

352 2704 505 2780 venditio
541 2709 687 2804 perfecta
728 2719 800 2794 est,
838 2731 892 2778 res
916 2733 937 2778 a
965 2706 1075 2780 bonae
1106 2707 1187 2781 fidei
1214 2733 1299 2806 pos-

361 2859 548 2934 sessoribus
580 2858 750 2933 vindicare
787 2884 855 2933 oon
881 2873 1018 2959 potest3
1049 2863 1176 2935 ratione
1206 2864 1299 2936 enim

243 3087 253 3110 ‚
359 3043 480 3098 verum
516 3017 695 3101 mobilium
731 3018 948 3118 potissimum
982 3019 1026 3092 od
1054 3021 1300 3118 possessionem

359 3189 540 3276 spectatur.
603 3174 715 3248 Habet
762 3187 874 3248 umen
910 3201 1100 3276 regressum
1141 3177 1302 3256 advorsus

360 3333 530 3407 maritum.

412 3487 515 3578 Quod
544 3502 657 3564 autem
690 3490 809 3566 attinet
837 3492 881 3565 od
905 3517 958 3566 res
979 3496 1194 3589 immobiles,
1218 3501 1302 3574 arti·

361 3647 459 3732 culus
498 3669 564 3744 271
603 3649 691 3722 cod.
730 3647 807 3723 civ.
832 3651 959 3724 nullam
992 3677 1063 3725 esse
1088 3654 1184 3752 jubet
1214 3679 1306 3756 qua-

369 3804 572 3907 lemcunque
619 3829 733 3880 earum
776 3806 1010 3884 alienationem
1046 3825 1122 3910 post
1155 3816 1306 3912 primum

1218 3969 1312 4048 edic-
