2880 4952
349 447 915 582 nuencnnnnls.
1080 447 1108 524 s

164 659 270 734 scium
296 657 389 734 illem
425 660 600 734 mdterinm
626 659 669 732 ab
685 653 686 656 ’
703 659 817 757 aliquo
846 653 914 758 jam
938 669 1108 734 tractatum

166 817 289 890 fuisse:
334 841 440 916 pauca
472 817 576 916 igitur
610 815 720 890 adhuc
756 814 801 888 de
834 813 973 914 hujusce
997 813 1108 890 libelli

167 973 344 1071 proposito
372 985 475 1072 atque
500 971 665 1048 divisione
691 969 939 1073 praemonendo
971 983 1061 1049 sunt.

219 1131 355 1204 Titulus
379 1130 515 1206 Codicis
542 1131 774 1230 Nupoleoutici
809 1131 870 1230 qui
896 1129 943 1204 de
969 1145 1110 1230 separa&

168 1289 265 1362 tione
304 1285 392 1362 thori
439 1301 474 1360 et
504 1311 639 1360 mensae
662 1285 755 1388 agit,
788 1309 847 1360 sex
870 1297 1000 1360 tuntum
1027 1286 1108 1362 nnti-

168 1447 263 1518 culos
288 1443 450 1520 continet.
499 1441 643 1518 Videtur
674 1443 778 1544 igitur
806 1443 864 1518 ille
883 1443 1002 1518 titulus
1023 1467 1110 1542 sup·

167 1599 312 1701 piendus
352 1625 393 1673 ex
433 1600 536 1676 titulo
577 1600 621 1673 dc
655 1601 822 1692 divortio,
864 1601 1011 1700 exceptis
1043 1601 1110 1674 iliis

118 1849 121 1854 ¹
164 1760 313 1834 articulis
357 1759 419 1855 qui
458 1771 610 1860 spectant
640 1759 827 1834 divortium·
856 1785 919 1860 per
951 1773 1110 1836 mutuum

168 1945 386 2012 consensum,
424 1920 480 1995 vel
511 1919 571 2020 qui
588 1931 738 2020 spectent
755 1917 1015 1992 dissolutionem
1034 1941 1111 1990 ma·

167 2083 327 2154 trimonii.

214 2235 253 2310 Si
292 2238 384 2311 enim
418 2236 485 2310 hoc
519 2263 588 2310 uon
615 2239 674 2310 det
702 2237 792 2314 veria
822 2247 901 2308 sunt
928 2258 1016 2334 quoe
1048 2231 1112 2307 de·

166 2391 235 2467 cidi
253 2403 448 2492 nequeunt,
481 2415 562 2466 cum
593 2389 710 2466 decis
739 2391 809 2466 Tit.
836 2391 880 2466 de
903 2389 1110 2490 separatione
1163 2360 1166 2369 s
1249 2423 1253 2434 ·

170 2573 239 2622 non
268 2549 435 2645 loquitur:
469 2563 640 2646 praeterea
665 2573 705 2620 ex
733 2547 1029 2646 disceptationibus
1050 2571 1111 2621 eu-

100 2697 104 2704 ¹
168 2733 231 2807 per
268 2707 340 2782 Tit.
369 2704 403 2782 6.
441 2704 565 2779 habitis
595 2719 629 2778 et
662 2731 703 2778 cx
736 2730 837 2806 supro
874 2705 972 2782 dictis
998 2720 1110 2806 putet,

170 2843 411 2964 separationem
436 2877 566 2938 tuntum
591 2861 816 2938 introductam
846 2889 919 2938 esse
948 2865 983 2938 iu
1012 2867 1111 2940 favo·

167 3049 240 3100 rem
271 3021 548 3110 Catholicorum3
584 3021 737 3122 adeoque
766 3023 929 3122 separatio
960 3020 1047 3096 thori
1072 3035 1109 3094 et

169 3205 305 3254 mensae
336 3179 471 3255 videtur
503 3203 578 3252 esse
615 3179 799 3254 divortium
837 3177 1107 3254 catholicorum:

170 3337 283 3408 omnia
319 3335 423 3436 igitur
460 3337 566 3447 pauiu¹
587 3359 660 3409 esse
696 3335 842 3425 debent,
875 3337 1021 3436 exceptis
1056 3339 1105 3412 eis

168 3517 257 3592 quae
298 3505 445 3590 spectent
490 3491 746 3566 dissolutionem
798 3491 1027 3586 matrimonii,
1069 3509 1104 3568 et

166 3651 217 3724 eis
253 3673 339 3748 qnae
372 3649 545 3748 speciatim
571 3647 614 3722 dc
637 3647 842 3748 separatione
871 3661 991 3725 statute
1024 3651 1103 3728 sint.

166 3805 221 3886 Cf.
249 3805 340 3902 an.
363 3807 425 3888 lv,
457 3811 490 3904 S.
524 3833 556 3884 2.

662 3967 739 4039 At
1025 3962 1107 4038 Dis-
