2880 4952
308 370 913 481 ,rnnnennnnrn
1055 375 1107 452 55

164 589 276 650 mente
301 574 344 650 oh
364 577 467 652 altero
492 580 639 681 conjuge
669 577 803 680 exigere
831 594 961 682 potest,
976 583 1103 658 ratione

162 733 274 810 bnbito
302 735 454 810 fortunae
480 737 642 838 conjugis.
694 739 870 832 Quantitas
895 753 1008 816 eutem
1035 743 1101 818 dc·

159 891 366 1006 terminumn
399 905 450 968 est
478 920 498 966 a
532 893 731 988 Judicibns,
763 895 854 972 Art.
878 901 963 974 501.
1010 897 1100 976 Cum

157 1018 271 1124 notem
311 1047 518 1150 separatione
548 1051 805 1128 matrimonium
840 1079 909 1128 non
935 1052 1104 1132 dissolvo·

158 1221 233 1299 tnr,
260 1206 395 1284 videtur
426 1209 529 1284 etiem
554 1212 675 1308 conjux
706 1235 831 1284 nocens
858 1211 902 1284 ab
924 1213 1102 1288 innocente

156 1365 334 1474 alimento
353 1381 469 1466 petere
504 1391 626 1466 posse3
669 1367 735 1442 hoc
757 1395 835 1444 ceso
861 1395 942 1448 vero
970 1369 1099 1469 jndices

159 1523 273 1598 minus
299 1525 412 1598 sorites
441 1547 516 1600 ecso
543 1525 669 1600 debent
690 1527 725 1600 in
749 1527 791 1600 iis
821 1525 1058 1607 concedendis,

567 1844 598 1976 ᾗ.
645 1843 679 1917 5.

205 2159 262 2237 5⁰.
310 2119 473 2253 Quodsi
505 2160 671 2258 separatio
697 2159 801 2258 petita
826 2161 870 2234 sit
894 2158 938 2232 ob
963 2183 1095 2234 causent

156 2315 310 2392 adulterii
338 2317 471 2408 uxoris,
507 2315 609 2390 debet
635 2315 756 2390 codem
781 2313 928 2414 jndicio,
959 2328 1097 2415 petente

155 2474 344 2548 ministerio
368 2471 524 2572 publico,
557 2472 774 2548 condemnari
802 2473 846 2546 nd
864 2473 1095 2548 detentionem

153 2632 191 2708 in
216 2633 323 2707 domo
346 2655 434 2730 quoe
455 2655 476 2702 o
501 2616 733 2724 corrigendis
758 2625 951 2704 hominibus
971 2655 1097 2706 nomen

153 2786 276 2878 hebet,
298 2813 384 2886 quae
410 2786 561 2862 detentio
586 2811 697 2888 neque
723 2787 834 2862 minor
860 2789 968 2862 tribus
993 2813 1119 2862 men-¹

155 2946 250 3022 sibus
289 2971 401 3047 neque
444 2944 577 3045 longior
604 2943 739 3018 duobus
763 2944 858 3016 annis
886 2969 959 3018 esse
980 2958 1094 3044 potest

152 3108 243 3182 Art.
278 3107 362 3180 508.
419 3103 650 3178 Conantem
678 3099 913 3176 condemnatio
939 3102 997 3174 fiet
1026 3127 1093 3200 pe·

152 3275 246 3336 tente
274 3261 460 3334 ministerio
482 3257 641 3358 publico,
658 3283 743 3333 uxor
772 3282 907 3358 semper
925 3257 1092 3333 condem.

152 3419 223 3492 nori
254 3417 356 3492 debet
385 3417 515 3491 etiamsi
546 3416 685 3490 moritus
716 3415 801 3490 illud
833 3441 901 3489 non
929 3421 1088 3516 exigeret.

198 3579 304 3651 Recte
327 3591 441 3649 nutem
458 3575 628 3676 legislator
652 3553 778 3649 tentem
803 3574 1014 3652 latitudinem
1034 3580 1093 3671 jo·¹

147 3733 282 3810 dicibus
312 3731 406 3810 dedit
434 3731 469 3830 in
496 3757 605 3833 poene
632 3731 906 3827 determinando,
943 3746 982 3810 ut
1005 3757 1090 3834 pos-
1173 3789 1175 3794 ,

613 3913 616 3924 ·
636 3887 667 3962 E
690 3911 712 3962 2
1024 3885 1094 3960 nint
