2880 4952
328 385 906 496 nnauonannrs
1050 415 1094 488 ῳ

154 595 228 672 titio
247 596 468 696 separationis
491 623 650 700 suspensa
667 614 780 675 manet
798 601 905 676 donec
923 601 1089 700 judicium

139 754 323 830 .criminale
354 757 478 832 santum
514 759 580 848 sit,
623 783 665 834 ex
695 757 762 832 hoc
799 773 912 834 nutem
943 761 1084 858 judicio,

148 912 384 1014 qualecunque
417 915 482 1004 sit,
504 915 596 990 nulla
624 915 776 1015 exceptio
792 917 830 990 in
844 915 1087 990 detrimentum

148 1069 270 1146 anons
315 1068 437 1144 deduci
481 1083 593 1168 potest
627 1069 764 1172 quando
799 1097 914 1146 rursus
945 1071 1090 1146 civiliter

145 1240 279 1325 agatur.
337 1227 428 1302 Fieri
466 1226 557 1306 euim
590 1241 724 1326 poten,
757 1230 936 1326 conjugem
964 1253 1090 1304 nocen-

146 1396 219 1460 tem
249 1381 434 1481 injudicio
461 1385 626 1460 criminali
650 1384 781 1461 absotvi
812 1399 846 1458 et
871 1385 997 1464 factum
1032 1397 1085 1458 u·

148 1569 233 1618 mn
255 1544 334 1620 sotis
364 1569 468 1644 grave
496 1567 568 1618 esse
596 1543 641 1618 ad
669 1547 910 1644 separationem
941 1569 1094 1641 pronun.

140 1699 319 1776 nanum.
365 1701 403 1775 Si
429 1703 551 1798 conjux
583 1726 707 1776 nocens
729 1705 766 1776 in
790 1699 1091 1795 judiciocrimineii

136 1858 411 1950 oondmnnrur,
453 1885 499 1934 ue
521 1836 605 1934 tuno
635 1859 775 1959 quidem
801 1861 968 1958 separatio
994 1881 1089 1934 sems-

140 2040 209 2112 .per
253 2017 430 2116 reprimat,
480 2015 541 2089 sed
566 2019 693 2090 netum
723 2017 906 2115 allegatum
946 2014 1088 2091 habetur

149 2196 215 2268 pro
257 2171 424 2270 probato,
455 2185 490 2244 et
524 2185 605 2244 tunc
636 2171 764 2267 judices
790 2169 938 2268 judicare
965 2169 1091 2245 debent

147 2353 191 2402 au
220 2329 286 2403 tale
317 2329 362 2406 sit
393 2327 439 2402 oh
466 2325 561 2428 quod
583 2327 747 2424 separatio
781 2327 991 2426 pronunciari
1020 2350 1091 2424 po-

149 2498 229 2559 aest.
277 2483 315 2558 Si
346 2497 459 2558 autem
484 2485 608 2582 nonjux
627 2485 664 2558 in
683 2481 808 2580 judicio
824 2483 987 2558 criminali
1003 2509 1092 2558 con-a

151 2641 329 2718 damnatus
355 2643 398 2714 sit
428 2641 472 2714 ad
502 2665 648 2740 poenam
677 2666 764 2740 quae
801 2640 974 2714 infamiam
997 2641 1086 2720 inne

147 2817 222 2902 gat,
259 2801 373 2874 statim
401 2800 565 2898 separatio
590 2799 803 2898 pronunciari
831 2798 933 2874 debet
961 2803 1088 2896 nrjann

145 2959 305 3036 vidimus.
330 2959 360 3056 ᾗ.
389 2983 420 3032 1.

198 3115 237 3189 Si
265 3141 346 3190 vero
371 3113 506 3188 libellus
530 3113 621 3186 nulla
643 3115 726 3186 iacta
743 3115 911 3188 contineat
928 3137 1014 3212 quas
1031 3135 1091 3190 aad

152 3273 320 3346 curationi
354 3271 515 3344 criminali
548 3271 662 3344 locum
690 3271 769 3344 dare
795 3288 957 3370 possunt,
988 3271 1095 3353 Prone

148 3455 205 3504 ses
238 3429 432 3504 Tribunnlis
458 3429 565 3503 civilis
586 3432 746 3530 conjuges
788 3455 903 3504 coram
931 3457 967 3506 se
991 3436 1091 3524 citat,

148 3587 207 3662 die
233 3589 436 3678 constituto,
471 3587 587 3685 eisque
623 3611 663 3656 ea
685 3585 766 3660 dicit
795 3611 881 3686 quoe
912 3604 988 3689 apta
1014 3601 1093 3665 sunt

148 3743 195 3812 od
222 3741 524 3820 reconciliationem
552 3738 782 3830 efficiendam
825 3743 854 3816 si
879 3758 992 3819 antem
1018 3767 1094 3816 earn

656 3893 686 3981 C
711 3918 731 3966 2
1018 3917 1102 3969 con-
