2880 4952
334 453 379 526 an
473 443 818 546 ,busbrunno
866 441 1097 526 tomeun.

336 653 559 756 pertinentes·
598 651 839 753 obsignentur,
895 650 961 724 boe
1000 662 1113 724 eutem
1152 611 1284 762 tautum

340 815 413 888 fleri
453 825 570 911 potest
612 826 691 910 post
732 811 881 910 primum
932 807 1080 883 edictum
1120 805 1287 882 Praesidio

341 969 538 1082 Tribunalis
571 993 641 1068 quo
675 971 836 1066 conjuges
858 966 1014 1042 citantur.

387 1125 507 1225 Sigillu
547 1125 622 1199 tolli
659 1147 729 1198 uon
755 1136 897 1224 possunt
928 1123 993 1196 nisi
1024 1121 1211 1198 inventario
1249 1134 1294 1196 et·

341 1281 573 1368 aestimatione
603 1281 718 1372 fretis,
767 1293 802 1354 et
841 1275 980 1380 insuper
1011 1279 1151 1352 maritos
1178 1278 1289 1351 resin

344 1407 571 1516 inventarium
597 1439 709 1513 relatis
737 1436 923 1540 producere
962 1435 1066 1510 debet
1089 1436 1146 1513 vel
1168 1459 1205 1508 se
1229 1433 1289 1507 de·

343 1603 542 1700 positurium
580 1599 773 1698 judicialem
811 1623 927 1672 earum
958 1598 1193 1687 constituere;
1225 1593 1291 1667 de·
1418 1657 1419 1666 ,

345 1759 496 1858 positarii
535 1758 709 1854 judiciales
742 1769 855 1831 autem
887 1757 1076 1830 secundum
1106 1753 1285 1829 articulum

344 1914 438 1990 2060
470 1913 560 1988 cod.
594 1913 672 1986 oto.
701 1937 831 1985 earcere
853 1927 998 2010 possunt
1024 1913 1112 2014 cogi.
1176 1963 1182 1968 -
1246 1943 1250 1950 ¹*

392 2070 572 2162 Quaeritur
609 2081 747 2160 autem,
776 2094 820 2141 an
850 2069 990 2143 maritus
1022 2071 1083 2171 qui
1117 2066 1296 2170 deposita-r

346 2229 416 2306 rius
454 2226 631 2304 iudicialis
667 2239 738 2317 est,
780 2251 833 2300 res
871 2227 1015 2302 mobiles
1037 2227 1183 2304 vendere
1207 2255 1293 2330 pos.

350 2385 425 2458 set?
458 2383 592 2461 videtur
618 2380 924 2500 distinguentium
961 2385 1085 2458 scilicet
1108 2409 1192 2458 uxor
1210 2388 1292 2489 qui-

350 2543 430 2618 dem
468 2566 542 2618 sese
577 2567 748 2642 opponere
778 2555 891 2642 potest
932 2542 1145 2636 venditioni,
1176 2543 1238 2620 sed
1264 2546 1293 2620 si

346 2699 499 2776 venditio
535 2704 681 2799 perfecta
722 2715 794 2789 est,
833 2725 886 2773 res
911 2727 931 2773 o
960 2700 1069 2775 bonae
1100 2701 1182 2776 ndei
1208 2728 1293 2802 pos·
1427 2699 1428 2722 ³

354 2853 542 2929 sessoribus
574 2853 744 2928 viudioere
782 2879 849 2928 non
875 2869 1013 2954 potest3
1044 2860 1169 2932 ratione
1199 2859 1292 2932 enim

236 3083 247 3104 2
353 3037 474 3092 verum
510 3011 689 3096 mobilium
724 3013 942 3113 potissimum
976 3015 1020 3088 ad
1048 3017 1294 3114 possessionem

353 3184 534 3270 spectatur.
597 3169 709 3243 Habet
756 3183 868 3244 tamen
904 3199 1094 3271 regressum
1135 3173 1296 3250 adversus

353 3328 523 3402 maritum.

406 3481 509 3572 Quod
538 3497 651 3560 autem
684 3485 802 3561 attinet
831 3487 875 3560 ad
899 3513 952 3562 res
972 3491 1188 3584 immobiles,
1212 3496 1296 3569 orti·

355 3641 453 3726 culus
492 3663 557 3738 271
596 3644 685 3718 cod.
724 3643 800 3719 oto.
826 3646 952 3720 nullam
985 3672 1057 3719 esse
1081 3649 1178 3747 jubet
1208 3675 1299 3751 qua·

363 3799 565 3902 lemouuque
613 3825 727 3876 earum
770 3801 1004 3880 alienationem
1039 3821 1116 3905 post
1149 3811 1299 3907 primum

1212 3964 1305 4043 edic.
