2880 4952
247 435 873 541 'ruauounrmo
1026 458 1076 534 aa

128 670 245 771 golam
280 670 472 762 continere,
514 672 609 769 cujus
636 669 791 770 exceptio
812 667 1010 770 proponitur
1036 664 1072 738 in

127 829 224 905 Art.
265 852 347 927 299.
406 821 476 904 'sed
505 831 575 928 jam
608 828 935 918 demonstrarunt
959 840 1070 938 puto,

126 986 306 1062 articulum
342 1008 413 1086 299
444 987 546 1062 etiam
575 986 777 1088 separationi
800 983 889 1060 thori
919 997 953 1059 et
971 1011 1071 1059 men·

127 1167 186 1220 eae
216 1143 342 1220 debere
371 1145 543 1244 applicari.
590 1145 636 1220 Et
663 1156 834 1244 praeterea
859 1143 917 1217 ille
946 1143 1072 1217 articu-

129 1301 186 1376 lus
213 1301 285 1396 959
311 1300 444 1376 videtur
475 1311 606 1373 tanturn
639 1299 862 1408 applioandus
878 1299 1071 1374 donationi-

133 1452 200 1532 bus
242 1484 330 1558 qnae
366 1458 568 1558 conjugibus
594 1485 614 1531 a
641 1458 841 1560 'parentibus
872 1459 929 1536 vel
961 1471 1074 1533 extra·

133 1617 207 1692 neis
238 1619 343 1692 factae
360 1629 458 1707 sunt3
496 1616 583 1692 illud
613 1617 705 1690 enim
734 1616 920 1716 significare
953 1615 1077 1692 viden.

130 1785 192 1851 tnt‘
219 1771 320 1849 verbo
360 1797 406 1846 en
435 1773 576 1870 favour·
605 1777 651 1846 de
684 1775 854 1870 maringe
866 1805 885 1862 ,-
913 1775 1075 1872 injustum

132 1931 225 2006 enim
247 1931 332 2006 soret
351 1931 522 2032 ingratum
549 1933 701 2006 animum
728 1931 827 2006 nnius
848 1933 1000 2034 conjugis
1017 1956 1075 2006 er-

132 2113 179 2190 ga
204 2089 420 2178 donatorem,
441 2092 536 2168 alteri
563 2093 700 2190 conjugi
730 2104 764 2164 et
788 2089 902 2164 liberis
927 2115 1075 2178 nocerer

134 2245 198 2322 ned
230 2243 399 2346 quidquid
428 2245 496 2334 nit,
524 2245 677 2320 sialiter
706 2244 905 2346 intelligitur¹
934 2256 1023 2318 certe
1046 2246 1079 2321 ei

133 2407 291 2505 exceptio
313 2408 398 2482 faeta
423 2418 473 2478 est
497 2402 638 2478 articulo
665 2425 745 2500 299.

186 2559 293 2634 Porro
317 2561 353 2632 in
385 2538 477 2668 'Ara
506 2559 598 2634 1518
619 2563 785 2660 separatio
806 2561 1007 2636 assimilatur
1022 2561 1079 2637 dia

139 2715 269 2806 nortio,
305 2715 418 2816 quom
446 2717 524 2814 jus,
555 2716 648 2816 quod
671 2719 791 2816 conjnx
818 2707 1081 2818 quidirortium

138 2876 195 2951 vet
225 2875 469 2975 separationem
506 2875 726 2978 impetrarit,
764 2879 887 2952 retinet
916 2878 954 2950 in
984 2846 1081 2954 eorn-x

137 3035 240 3111 moda
261 3060 349 3136 quae
380 3035 413 3108 ei
441 3035 605 3134 promissa
629 3035 770 3110 domum
798 3035 867 3110 sint
884 3035 914 3108 si
933 3033 1079 3136 'conjugi

138 3195 272 3272 nocenti
295 3195 525 3294 supervixerit.

188 3351 367 3426 Caeterum
386 3377 428 3428 ex
452 3354 615 3428 contraria
644 3353 806 3428 sententia
822 3351 1005 3454 proflueret
1021 3353 1079 3429 in·

140 3512 265 3612 justitia
290 3514 489 3603 mariscum
524 3535 649 3612 nempe
672 3515 794 3613 conjnx
818 3537 963 3605 nocens,
994 3539 1079 3587 con-

139 3686 190 3746 trn
225 3697 330 3773 quern
362 3674 526 3773 separatio
564 3671 740 3774 impetrata
770 3683 842 3762 est,
876 3683 988 3773 potest
1022 3692 1080 3744 rea

136 3825 289 3908 cnutum
310 3819 399 3905 Ara
425 3833 496 3908 διο
520 3845 599 3932 pont
627 3831 760 3929 lapsum
788 3831 891 3907 trium
915 3851 1080 3904 annorum

698 3985 730 4060 Ε
1026 3980 1084 4058 di..
