2880 4952
352 407 409 512 aa
537 398 849 480 nrssunrarro
899 401 1118 485 runrnlcn

360 641 379 686 a
414 611 515 686 Curia
541 612 697 688 Jusririae
723 613 914 690 Criminalis
945 613 1183 706 declaratione,
1213 617 1300 692 illud

295 729 297 736 Ι
362 767 526 866 judicium
562 770 655 843 nullo
691 771 795 844 modo
834 771 935 871 legali
972 773 1116 872 amplius
1141 773 1301 847 infirmari

361 953 480 1028 posse:
530 913 622 1000 hisco
649 929 809 1026 inspectis
852 927 1018 1002 Tribunal
1056 931 1300 1028 separationem

362 1081 581 1178 pronunciare
619 1079 731 1158 debet.
786 1081 981 1180 Requiritur
1015 1081 1178 1182 judicium
1203 1081 1298 1156 nullo

361 1236 466 1310 modo
489 1236 590 1336 legali
626 1237 773 1336 amplius
800 1259 900 1338 possa
929 1237 1107 1329 infirmari,
1139 1237 1167 1311 si
1197 1236 1302 1336 igitur

361 1393 601 1482 condemnatus
621 1408 799 1468 contumax
811 1395 874 1486 sit,
894 1395 1169 1496 distinguendum
1187 1408 1301 1468 utrum

360 1577 504 1652 poenam
539 1565 696 1653 sequatur
718 1579 810 1628 mors
836 1553 963 1645 civilis,
1000 1579 1042 1626 an
1074 1557 1171 1629 non?
1201 1553 1301 1627 Priot

361 1736 398 1782 re
434 1736 512 1782 casu
551 1727 631 1808 post
663 1714 951 1814 quinquennium
993 1717 1178 1812 posteriore
1216 1737 1297 1784 vero

361 1877 492 1942 tantum
527 1879 605 1962 post
645 1867 765 1964 viginti
802 1889 905 1936 annos
931 1866 1142 1962 pronunciari
1171 1878 1307 1964 potest,

358 2023 452 2104 Art.
483 2021 563 2121 476.
591 2023 676 2096 cod.
709 2023 977 2096 d'Inatructron
1006 2021 1229 2098 criminale.

699 2297 898 2440 Ἡ

408 2649 447 2724 si
473 2653 634 2750 separatio
659 2651 759 2723 aliam
794 2651 840 2722 ob
868 2676 1002 2724 causam
1028 2665 1179 2748 petatur,
1213 2663 1304 2724 actor

362 2805 555 2879 Praecidam
594 2803 767 2878 tribunalis
807 2803 914 2879 civilis
955 2804 1118 2879 domicilii
1143 2831 1302 2878 commu·

363 2967 417 3041 nis
460 2963 552 3038 adira
599 2962 700 3037 deber
739 2961 854 3038 libello
900 2964 1069 3062 supplice,
1120 2965 1179 3064 qui
1219 2965 1303 3040 facta

363 3127 512 3203 brevitor
539 3077 647 3201 narrat
674 3125 719 3201 ob
745 3149 830 3224 quac
860 3126 1025 3223 separatio
1054 3127 1202 3221 petitur,
1237 3122 1314 3196 ad·v

365 3285 445 3358 ditis
477 3285 704 3357 instrumentis
744 3280 988 3381 probantibus,
1024 3283 1053 3354 si
1088 3305 1174 3381 quaa
1213 3281 1311 3373 sint,-

364 3439 456 3514 Ἀνι.
482 3441 563 3537 875.
582 3441 671 3515 cod.
696 3443 742 3511 ‹Ie
774 3439 983 3514 Prooeclure
1013 3439 1138 3515 etoile.

413 3597 450 3671 Si
482 3611 594 3670 autem
629 3595 763 3670 libellus
798 3597 875 3672 talia
911 3597 996 3669 iacta
1035 3597 1183 3671 continet
1212 3619 1300 3695 quaa

362 3755 475 3840 iocum
502 3755 580 3830 da're
604 3769 743 3853 possunt
775 3754 980 3833 accusationi
1005 3753 1178 3833 Criminali
1189 3806 1202 3847 ‚
1236 3776 1301 3870 pc·
1423 3803 1424 3806 π

1256 3909 1304 3989 ti.
