2880 4952
253 423 879 528 'rnauaonanre
1032 447 1082 522 aa

134 657 250 758 golam
285 623 478 748 continere,
519 659 615 757 enjus
642 657 796 758 exceptio
818 655 1016 758 proponitur
1041 653 1078 728 in

133 815 229 892 Art.
270 839 352 914 299.
411 809 481 892 'sed
510 819 581 916 jam
613 817 862 907 demonstravi,
899 828 1075 926 utputo,

132 973 311 1048 artiorlunr
348 995 419 1072 299
450 975 552 1050 etiam
580 975 783 1076 separationi
805 973 895 1050 thori
924 985 959 1047 et
976 999 1076 1048 men-

132 1154 191 1206 aae
221 1130 347 1206 debere
376 1133 548 1232 applioari.
595 1133 642 1207 Et
668 1145 839 1232 praeterae
864 1131 922 1206 ille
951 1132 1078 1206 eacu-

134 1288 191 1362 lus
218 1289 290 1384 959
316 1287 450 1363 videtur
480 1299 611 1360 tantum
645 1287 867 1396 applioandus
883 1287 1077 1362 donationi-

138 1439 205 1518 bus
247 1471 336 1545 qnao
371 1445 573 1546 conjugibus
599 1473 620 1519 a
646 1447 846 1548 'parentibus
877 1447 935 1524 vel
967 1461 1079 1522 extra·

138 1605 212 1678 nais
243 1607 348 1679 factae
365 1617 463 1695 sont3
501 1603 588 1680 illud
618 1605 709 1678 anim
740 1605 926 1704 significare
958 1604 1081 1681 viden.

135 1771 197 1838 tnt‘
224 1758 325 1836 verba
365 1784 411 1832 en
439 1760 581 1858 foveor
609 1765 656 1834 de
689 1763 859 1858 maringe
871 1793 890 1850 ;
918 1763 1080 1861 injustum

136 1918 229 1992 eninr
252 1919 337 1996 foret
356 1919 527 2020 ingratum
554 1920 706 1994 animum
733 1919 832 1994 unius
853 1922 1005 2022 conjugis
1022 1945 1080 1994 or·

137 2101 184 2176 ga
209 2075 425 2166 donatorem,
445 2079 541 2156 alteri
567 2081 704 2178 conjugi
735 2091 769 2154 et
793 2077 907 2152 liberis
932 2103 1079 2168 nocere3

138 2231 203 2308 aed
234 2231 403 2333 quidquid
433 2233 501 2322 ait,
529 2233 682 2308 sialiter
711 2233 910 2336 intelligitur
939 2245 1028 2306 certe
1051 2235 1084 2310 ei

138 2394 295 2492 exceptio
318 2395 403 2468 faeta
427 2405 477 2466 est
501 2389 643 2466 articulo
670 2413 750 2488 299.

191 2546 297 2622 Porro
322 2547 358 2620 in
390 2526 482 2656 Art.
511 2547 602 2622 1518
624 2551 790 2648 separatio
811 2549 1011 2625 assimilatur
1027 2550 1084 2626 dia·

143 2703 274 2793 ventio,
310 2703 422 2804 quood
450 2705 529 2802 jus,
559 2704 652 2804 quod
675 2707 796 2804 conjux
822 2696 887 2807 qni
898 2705 1085 2785 divortium

143 2863 200 2938 vel
229 2863 473 2962 separationem
510 2863 731 2966 impetravit,
768 2867 891 2941 retinet
920 2867 958 2940 io
988 2892 1085 2944 oorn·

141 3023 244 3099 moda
266 3047 353 3124 quae
384 3023 417 3096 ei
445 3023 609 3122 promissa
633 3023 774 3098 demum
803 3025 871 3099 sint
888 3024 919 3097 si
937 3023 1083 3125 ‘conjugi

142 3183 276 3260 nocenti
299 3183 529 3282 supervixerit.

193 3339 372 3414 Caeterum
390 3364 432 3416 ex
456 3342 619 3415 contraria
648 3341 810 3416 sententia
826 3341 1009 3442 proflueret
1025 3343 1083 3418 in·

144 3499 268 3598 justitio
293 3501 492 3590 manifesto;
528 3522 653 3600 nempe
676 3504 798 3600 conjux
822 3525 966 3594 nocens,
998 3529 1083 3577 oon-

143 3673 194 3734 tra
228 3683 333 3772 quern
366 3661 530 3761 reparatio
568 3659 744 3761 impetrata
773 3671 846 3750 est,
880 3672 992 3762 potest
1025 3682 1083 3733 soa*

139 3813 292 3896 eandm
313 3807 403 3894 Artss
429 3821 499 3896 διο
524 3832 603 3920 pont
631 3819 764 3918 lapsum
792 3819 894 3895 trium
919 3841 1084 3893 annorum

702 3974 733 4048 Ε
1029 3970 1088 4048 di·
