2880 4952
322 379 394 468 ada
522 383 836 465 DISSERTATIO
887 387 1108 466 tumulos

347 599 408 700 qui
429 609 510 673 tunc
534 611 650 698 optare
684 595 847 690 deberent
869 609 983 672 utrum
1011 596 1137 673 vellent
1163 618 1288 670 secun.

344 755 428 830 dum
455 755 692 830 conscientiam
709 779 816 854 agere
845 727 887 828 aia
918 753 1094 830 commoda
1122 755 1285 829 amittere.
1374 781 1378 784 ⁷

329 913 386 990 ·-si
414 927 533 989 antem
568 915 605 988 in
637 937 774 987 causam
810 913 1029 987 revocationis
1067 910 1285 1000 donationum

279 1059 280 1064 ἵ
326 1070 551 1170 ‘inquiramus
563 1120 575 1160 ‚
607 1069 798 1147 videbimus
823 1093 898 1144 cam
926 1093 994 1142 non
1019 1068 1132 1142 locum
1161 1067 1285 1142 habere

208 1263 214 1270 ⁴
341 1226 421 1326 quia
448 1224 631 1303 divortium
654 1225 907 1301 matrimonium
933 1225 1104 1317 dissolvit,
1137 1239 1172 1300 et
1190 1225 1283 1326 quod

338 1387 417 1462 illae
436 1386 631 1462 donationes
652 1388 832 1462 consistere
853 1411 920 1460 non
942 1399 1082 1486 possunt
1105 1385 1283 1460 matrimo-

327 1543 602 1634 ÷ntodissotu103
627 1569 706 1620 nam
732 1559 814 1620 tunc
834 1567 952 1618 omnes
979 1541 1175 1618 donationes
1206 1543 1282 1642 pla·-

336 1703 539 1776 nonullae
577 1727 651 1776 esse
691 1704 870 1793 deberent,
903 1713 1051 1776 attamen
1098 1699 1283 1776 subsistunt

324 1854 463 1928 :ratione
486 1856 640 1954 conjugis
675 1855 887 1944 innocontis3
922 1856 1027 1953 igitur
1055 1881 1152 1928 causa
1181 1853 1281 1930 vide·-

330 2003 389 2084 'tur
420 2034 492 2084 esse
525 2012 675 2108 ingratus
712 2012 846 2084 animus
892 2009 1076 2100 donatarii,
1115 2011 1175 2110 qui
1211 2009 1280 2082 illis

328 2165 432 2242 =factis
458 2166 506 2240 ob
540 2193 628 2267 quae
649 2166 832 2244 divortium
856 2145 1114 2266 pronunciatum
1134 2178 1206 2255 est,
1227 2189 1278 2236 sa·

328 2325 379 2400 tis
397 2323 566 2433 probatur.
616 2323 685 2400 Sed
703 2350 783 2398 cum
810 2349 929 2398 causae
959 2323 1094 2398 divortii
1123 2336 1157 2394 et
1180 2346 1281 2420 sepa·
1310 2381 1315 2388 .

295 2451 473 2558 xarationis
509 2481 597 2556 thori
629 2494 665 2555 et
697 2505 835 2554 mensae
862 2479 1003 2556 eaedem
1025 2481 1110 2572 sint,
1143 2477 1282 2554 eosdem·

331 2639 474 2714 effactus
511 2640 699 2738 producere
730 2638 875 2730 debent,
910 2663 988 2712 nam
1016 2639 1045 2712 is
1076 2638 1136 2734 qui
1169 2637 1282 2714 saevi·

338 2797 394 2872 tiis
423 2794 621 2898 injuriisque
653 2797 768 2870 locum
794 2795 851 2870 dat
877 2758 1094 2896 separitioni,
1123 2821 1192 2868 uon
1211 2795 1280 2868 mi·-

333 2981 402 3030 nus
432 2957 581 3056 ingratus
613 2967 669 3030 est
698 2965 803 3056 quam
833 2955 883 3048 is,
925 2955 985 3055 qui
1008 2955 1120 3029 locum
1145 2952 1203 3027 dat
1226 2952 1280 3028 di·

338 3117 473 3208 vortio;
498 3139 578 3192 cum
606 3127 738 3190 tantum
754 3113 797 3188 ab
822 3115 985 3190 electione
1007 3113 1159 3214 conjugis
1179 3093 1281 3188 inno-

331 3275 445 3350 centis
473 3273 624 3374 pandat,
651 3285 768 3350 anun
787 3271 871 3352 velit
895 3271 1081 3352 divortium
1107 3298 1151 3346 an
1183 3296 1285 3375 sepa.-

332 3430 499 3506 mtionem
524 3446 651 3534 petere.

337 3648 343 3658 .
388 3590 497 3668 Nobis
524 3589 665 3691 quidem
694 3603 870 3692 opponunt
893 3589 1069 3666 articulant
1098 3588 1169 3690 959
1193 3589 1282 3668 cao.

336 3745 424 3832 xciv.
460 3745 634 3840 dicentes,
676 3749 775 3826 illum
804 3728 986 3828 'articulum
1013 3753 1204 3850 generalem
1227 3779 1286 3830 roe

1216 3937 1284 4018 8¹¹·
