2880 4952
345 373 915 462 tratuuuttt'uts
992 451 998 462 ,
1056 377 1108 458 '15

162 587 229 665 bus
255 587 442 690 quamdam
471 589 640 690 apathiam
678 590 864 680 moralem,
901 599 942 664 ut
977 587 1025 662 ita
1049 585 1109 662 dia

164 770 262 836 cam,
297 744 514 837 contrahunt,
554 771 741 847 eorumque
765 746 899 820 animus
932 769 1001 820 non
1036 755 1108 818 tam

164 903 263 978 facile
288 917 506 1003 permovetur
536 917 571 978 et
601 903 778 982 cruciatur.

193 1059 288 1134 ›Alia
316 1060 417 1134 etiam
445 1073 496 1134 est
537 1085 635 1135 causa
668 1059 884 1161 separationis
921 1081 1007 1160 quae
1043 1055 1110 1130 huc

164 1215 339 1290 referenda
364 1227 438 1306 est,
474 1217 633 1315 ‚quamvis
670 1243 739 1291 non
766 1216 942 1316 speciatim
970 1216 1006 1288 in
1036 1214 1113 1314 lega

169 1373 389 1474 exprimitur,
411 1374 483 1451 scil.
507 1374 695 1453 calumnias
730 1375 780 1448 Ea
799 1374 892 1448 enim
912 1373 1019 1448 honor
1042 1397 1113 1472 quo

169 1530 325 1632 plerique
342 1528 496 1606 homines
522 1529 608 1606 nihil
626 1531 740 1630 potius
765 1529 910 1616 hahent,
928 1529 1112 1621 adimitur3

171 1697 207 1759 et
239 1708 353 1760 nonne
380 1684 449 1762 rite
472 1687 573 1785 plane
600 1685 817 1762 intolerabilis
849 1696 900 1759 est
923 1709 1003 1759 cum
1030 1707 1128 1759 con--

169 1847 250 1945 juge
274 1847 335 1945 qui
366 1845 510 1918 alterum
537 1844 673 1920 iufamia
704 1842 844 1918 obruit?
891 1841 1020 1917 Tribus
1046 1867 1115 1942 po·

172 2004 342 2078 tissimum
384 2001 495 2078 modis
535 2003 857 2116 calumniatorum
892 2002 1017 2078 habere
1047 2026 1131 2102 po·-

176 2171 257 2232 test:
286 2168 340 2234 1⁰.
371 2185 432 2256 per
455 2162 702 2232 accusationem
731 2159 924 2253 judicialem
946 2159 1115 2247 criminis,

179 2327 236 2392 π’.
256 2340 318 2416 per
337 2313 471 2388 libellos
489 2314 656 2402 famosos,
677 2325 734 2386 aut
763 2338 825 2411 per
847 2337 1038 2404 sermones,
1055 2315 1117 2389 5⁰.

177 2497 239 2571 per
268 2471 451 2546 delationes
475 2471 633 2546 occultas.
681 2470 748 2544 Vir
771 2493 857 2570 opus
878 2482 930 2544 ert
955 2469 1118 2571 probare,

178 2628 357 2728 conjugem
387 2627 447 2726 qui
478 2651 515 2699 se
542 2625 702 2726 purgavit
726 2625 772 2700 de
790 2627 998 2702 accusatione
1023 2630 1121 2730 capi-

176 2782 235 2856 tali
259 2782 314 2858 vel
348 2779 540 2871 insumanti,
572 2781 605 2854 ei
632 2779 675 2854 ab
702 2781 807 2856 altero
838 2782 974 2886 conjugi
1004 2785 1118 2858 inten-

175 2953 266 3032 tata,
288 2943 341 3038 jus
367 2937 490 3014 habere
508 2940 686 3039 separatim
713 2939 874 3032 virendi3
900 2943 955 3015 lex
979 2941 1134 3043 quidem

176 3097 267 3172 hunc
295 3121 410 3170 casum
445 3117 600 3194 expresse
632 3117 702 3164 non
727 3093 905 3185 definivit,
938 3095 1119 3192 setlnulla

178 3253 249 3330 fere
268 3266 318 3327 est
337 3253 476 3330 saevitia
500 3253 559 3329 vel
578 3273 737 3326 excessus
755 3251 815 3350 qui
831 3258 1014 3352 comparari
1034 3281 1121 3356 pos·

181 3411 227 3484 sit
261 3435 341 3486 eum
374 3410 493 3508 injuria
529 3409 701 3509 conjugis,
732 3411 793 3510 qui
836 3423 928 3508 tanto
962 3410 1044 3490 odio
1082 3417 1119 3490 in
1244 3508 1249 3517 Ι

180 3565 325 3640 alterum
354 3567 509 3640 incensus
545 3578 598 3639 est
633 3579 673 3639 ut
710 3591 778 3639 non
809 3566 943 3646 dubitet
974 3573 1012 3648 in
1038 3597 1120 3648 enm

183 3723 426 3802 accusationem
460 3723 698 3801 calumniosam
732 3726 926 3822 intendere,
964 3756 1031 3831 qua
1068 3732 1119 3828 itti
1197 3709 1200 3714 Α

669 3887 698 3960 Β
722 3891 747 3964 5
1055 3891 1118 3964 lto-
