<?xml version="1.0" encoding="UTF-8"?>
<!DOCTYPE html PUBLIC "-//W3C//DTD XHTML 1.0 Transitional//EN"
    "http://www.w3.org/TR/xhtml1/DTD/xhtml1-transitional.dtd">
<html xmlns="http://www.w3.org/1999/xhtml" xml:lang="en" lang="en">
 <head>
  <title>
</title>
<meta http-equiv="Content-Type" content="text/html;charset=utf-8" />
  <meta name='ocr-system' content='tesseract 3.04.00' />
  <meta name='ocr-capabilities' content='ocr_page ocr_carea ocr_par ocr_line ocrx_word'/>
</head>
<body>
  <div class='ocr_page' id='page_1' title='image "./dissertatiojuri00styrgoog_0071.png"; bbox 0 0 2880 4952; ppageno 0'>
   <div class='ocr_carea' id='block_1_1' title="bbox 352 447 1131 576">
    <p class='ocr_par' dir='ltr' id='par_1_1' title="bbox 352 447 1131 576">
     <span class='ocr_line' id='line_1_1' title="bbox 352 447 1131 576; baseline -0.006 -49"><span class='ocrx_word' id='word_1_1' title='bbox 352 451 398 528; x_wconf 76' lang='lat' dir='ltr'>st</span> <span class='ocrx_word' id='word_1_2' title='bbox 531 447 855 576; x_wconf 77' lang='lat' dir='ltr'>DiSSERTATIO</span> <span class='ocrx_word' id='word_1_3' title='bbox 903 447 1131 528; x_wconf 77' lang='lat' dir='ltr'>JURIDICA</span> 
     </span>
    </p>
   </div>
   <div class='ocr_carea' id='block_1_2' title="bbox 358 657 1306 916">
    <p class='ocr_par' dir='ltr' id='par_1_2' title="bbox 358 657 1306 916">
     <span class='ocr_line' id='line_1_2' title="bbox 360 657 1303 762; baseline -0.004 -28"><span class='ocrx_word' id='word_1_4' title='bbox 360 657 545 734; x_wconf 84' lang='lat' dir='ltr'>divortium</span> <span class='ocrx_word' id='word_1_5' title='bbox 575 659 728 758; x_wconf 85' lang='lat' dir='ltr'>exigere,</span> <span class='ocrx_word' id='word_1_6' title='bbox 750 657 904 762; x_wconf 84' lang='lat' dir='ltr'>adeoque</span> <span class='ocrx_word' id='word_1_7' title='bbox 921 659 1020 734; x_wconf 86' lang='lat' dir='ltr'>etiam</span> <span class='ocrx_word' id='word_1_8' title='bbox 1042 657 1303 760; x_wconf 77' lang='lat' dir='ltr'>applicationem</span> 
     </span>
     <span class='ocr_line' id='line_1_3' title="bbox 358 813 1306 916; baseline -0.002 -26"><span class='ocrx_word' id='word_1_9' title='bbox 358 815 488 890; x_wconf 78' lang='lat' dir='ltr'><strong>articuli</strong></span> <span class='ocrx_word' id='word_1_10' title='bbox 520 837 589 912; x_wconf 84' lang='lat'>299</span> <span class='ocrx_word' id='word_1_11' title='bbox 620 827 655 888; x_wconf 87' lang='lat' dir='ltr'>et</span> <span class='ocrx_word' id='word_1_12' title='bbox 682 813 748 890; x_wconf 85' lang='lat' dir='ltr'>hoc</span> <span class='ocrx_word' id='word_1_13' title='bbox 775 839 854 890; x_wconf 88' lang='lat' dir='ltr'>casu</span> <span class='ocrx_word' id='word_1_14' title='bbox 885 818 1006 916; x_wconf 86' lang='lat' dir='ltr'>conjux</span> <span class='ocrx_word' id='word_1_15' title='bbox 1028 817 1188 891; x_wconf 75' lang='lat' dir='ltr'>innocens</span> <span class='ocrx_word' id='word_1_16' title='bbox 1203 815 1306 889; x_wconf 83' lang='lat' dir='ltr'>amit-</span> 
     </span>
    </p>
   </div>
   <div class='ocr_carea' id='block_1_3' title="bbox 335 970 1305 1068">
    <p class='ocr_par' dir='ltr' id='par_1_3' title="bbox 335 970 1305 1068">
     <span class='ocr_line' id='line_1_4' title="bbox 335 970 1305 1068; baseline -0.003 -20"><span class='ocrx_word' id='word_1_17' title='bbox 335 987 444 1048; x_wconf 85' lang='lat' dir='ltr'>··teret</span> <span class='ocrx_word' id='word_1_18' title='bbox 464 970 661 1062; x_wconf 80' lang='lat' dir='ltr'>commoda,</span> <span class='ocrx_word' id='word_1_19' title='bbox 698 974 821 1068; x_wconf 85' lang='lat' dir='ltr'>conjux</span> <span class='ocrx_word' id='word_1_20' title='bbox 848 997 972 1046; x_wconf 84' lang='lat' dir='ltr'>nocens</span> <span class='ocrx_word' id='word_1_21' title='bbox 1006 999 1088 1049; x_wconf 85' lang='lat' dir='ltr'>vero</span> <span class='ocrx_word' id='word_1_22' title='bbox 1120 997 1159 1046; x_wconf 88' lang='lat' dir='ltr'>ea</span> <span class='ocrx_word' id='word_1_23' title='bbox 1176 972 1305 1066; x_wconf 71' lang='lat' dir='ltr'>retme-</span> 
     </span>
    </p>
   </div>
   <div class='ocr_carea' id='block_1_4' title="bbox 356 1076 1305 1233">
    <p class='ocr_par' dir='ltr' id='par_1_4' title="bbox 356 1076 1305 1233">
     <span class='ocr_line' id='line_1_5' title="bbox 356 1076 1305 1233; baseline -0.001 -27"><span class='ocrx_word' id='word_1_24' title='bbox 356 1145 410 1206; x_wconf 84' lang='lat' dir='ltr'>ret</span> <span class='ocrx_word' id='word_1_25' title='bbox 429 1131 485 1209; x_wconf 78' lang='lat' dir='ltr'>cf.</span> <span class='ocrx_word' id='word_1_26' title='bbox 510 1150 715 1208; x_wconf 81' lang='lat' dir='ltr'>esooorrou</span> <span class='ocrx_word' id='word_1_27' title='bbox 745 1143 836 1208; x_wconf 83' lang='lat' dir='ltr'>tom.</span> <span class='ocrx_word' id='word_1_28' title='bbox 861 1131 892 1207; x_wconf 93' lang='lat' dir='ltr'>I.</span> <span class='ocrx_word' id='word_1_29' title='bbox 916 1154 1007 1228; x_wconf 75' lang='lat' dir='ltr'>pag.</span> <span class='ocrx_word' id='word_1_30' title='bbox 1039 1131 1085 1206; x_wconf 79' lang='lat'>34</span> <span class='ocrx_word' id='word_1_31' title='bbox 1106 1142 1141 1208; x_wconf 87' lang='lat' dir='ltr'>et</span> <span class='ocrx_word' id='word_1_32' title='bbox 1156 1076 1305 1233; x_wconf 71' lang='lat' dir='ltr'>sequen-</span> 
     </span>
    </p>
   </div>
   <div class='ocr_carea' id='block_1_5' title="bbox 359 1291 886 1548">
    <p class='ocr_par' dir='ltr' id='par_1_5' title="bbox 359 1291 886 1548">
     <span class='ocr_line' id='line_1_6' title="bbox 359 1291 460 1368; baseline 0.01 -2"><span class='ocrx_word' id='word_1_33' title='bbox 359 1291 460 1368; x_wconf 84' lang='lat' dir='ltr'>tibus.</span> 
     </span>
     <span class='ocr_line' id='line_1_7' title="bbox 773 1447 886 1548; baseline 0.018 -26"><span class='ocrx_word' id='word_1_34' title='bbox 773 1449 803 1548; x_wconf 56' lang='grc' dir='ltr'>ᾗ.</span> <span class='ocrx_word' id='word_1_35' title='bbox 851 1447 886 1524; x_wconf 78' lang='lat'>5.</span> 
     </span>
    </p>
   </div>
   <div class='ocr_carea' id='block_1_6' title="bbox 406 1765 1302 1868">
    <p class='ocr_par' dir='ltr' id='par_1_6' title="bbox 406 1765 1302 1868">
     <span class='ocr_line' id='line_1_8' title="bbox 406 1765 1302 1868; baseline 0.001 -26"><span class='ocrx_word' id='word_1_36' title='bbox 406 1767 545 1842; x_wconf 86' lang='lat' dir='ltr'>Tertius</span> <span class='ocrx_word' id='word_1_37' title='bbox 569 1769 708 1842; x_wconf 84' lang='lat' dir='ltr'>effeetus</span> <span class='ocrx_word' id='word_1_38' title='bbox 733 1781 802 1861; x_wconf 86' lang='lat' dir='ltr'>est,</span> <span class='ocrx_word' id='word_1_39' title='bbox 841 1765 934 1866; x_wconf 88' lang='lat' dir='ltr'>quod</span> <span class='ocrx_word' id='word_1_40' title='bbox 956 1769 1201 1868; x_wconf 78' lang='lat' dir='ltr'>separationem</span> <span class='ocrx_word' id='word_1_41' title='bbox 1222 1767 1302 1844; x_wconf 82' lang='lat' dir='ltr'>tho·</span> 
     </span>
    </p>
   </div>
   <div class='ocr_carea' id='block_1_7' title="bbox 357 1887 1429 2026">
    <p class='ocr_par' dir='ltr' id='par_1_7' title="bbox 357 1887 1429 2026">
     <span class='ocr_line' id='line_1_9' title="bbox 357 1887 1429 2026; baseline 0.002 -30"><span class='ocrx_word' id='word_1_42' title='bbox 357 1922 387 1996; x_wconf 85' lang='lat' dir='ltr'>ri</span> <span class='ocrx_word' id='word_1_43' title='bbox 410 1935 446 1996; x_wconf 84' lang='lat' dir='ltr'>et</span> <span class='ocrx_word' id='word_1_44' title='bbox 474 1946 610 1996; x_wconf 87' lang='lat' dir='ltr'>mensae</span> <span class='ocrx_word' id='word_1_45' title='bbox 640 1947 776 2024; x_wconf 82' lang='lat' dir='ltr'><strong>semper</strong></span> <span class='ocrx_word' id='word_1_46' title='bbox 805 1936 965 2026; x_wconf 73' lang='lat' dir='ltr'>sequntur</span> <span class='ocrx_word' id='word_1_47' title='bbox 992 1924 1155 2024; x_wconf 85' lang='lat' dir='ltr'>separatio</span> <span class='ocrx_word' id='word_1_48' title='bbox 1184 1923 1302 2000; x_wconf 91' lang='lat' dir='ltr'>bono·</span> <span class='ocrx_word' id='word_1_49' title='bbox 1428 1887 1429 1938; x_wconf 77' lang='lat' dir='ltr'>t</span> 
     </span>
    </p>
   </div>
   <div class='ocr_carea' id='block_1_8' title="bbox 356 2082 1299 2186">
    <p class='ocr_par' dir='ltr' id='par_1_8' title="bbox 356 2082 1299 2186">
     <span class='ocr_line' id='line_1_10' title="bbox 356 2082 1299 2186; baseline 0 -28"><span class='ocrx_word' id='word_1_50' title='bbox 356 2107 459 2175; x_wconf 87' lang='lat' dir='ltr'>rum;</span> <span class='ocrx_word' id='word_1_51' title='bbox 493 2082 618 2158; x_wconf 85' lang='lat' dir='ltr'>idcireo</span> <span class='ocrx_word' id='word_1_52' title='bbox 645 2084 807 2158; x_wconf 87' lang='lat' dir='ltr'>sententia</span> <span class='ocrx_word' id='word_1_53' title='bbox 839 2108 908 2184; x_wconf 77' lang='lat' dir='ltr'>qua</span> <span class='ocrx_word' id='word_1_54' title='bbox 949 2084 1128 2186; x_wconf 83' lang='lat' dir='ltr'>separatio</span> <span class='ocrx_word' id='word_1_55' title='bbox 1147 2083 1235 2159; x_wconf 87' lang='lat' dir='ltr'>thori</span> <span class='ocrx_word' id='word_1_56' title='bbox 1259 2109 1299 2158; x_wconf 81' lang='lat' dir='ltr'>aa</span> 
     </span>
    </p>
   </div>
   <div class='ocr_carea' id='block_1_9' title="bbox 194 2241 1301 2341">
    <p class='ocr_par' dir='ltr' id='par_1_9' title="bbox 194 2241 1301 2341">
     <span class='ocr_line' id='line_1_11' title="bbox 194 2241 1301 2341; baseline 0.005 -24"><span class='ocrx_word' id='word_1_57' title='bbox 194 2333 198 2338; x_wconf 22' lang='lat'><strong><em>¹</em></strong></span> <span class='ocrx_word' id='word_1_58' title='bbox 360 2265 496 2317; x_wconf 85' lang='lat' dir='ltr'>mensae</span> <span class='ocrx_word' id='word_1_59' title='bbox 528 2243 786 2341; x_wconf 87' lang='lat' dir='ltr'>pronunciatur,</span> <span class='ocrx_word' id='word_1_60' title='bbox 817 2241 891 2317; x_wconf 85' lang='lat' dir='ltr'>fieri</span> <span class='ocrx_word' id='word_1_61' title='bbox 920 2241 1023 2318; x_wconf 86' lang='lat' dir='ltr'>debet</span> <span class='ocrx_word' id='word_1_62' title='bbox 1047 2241 1172 2318; x_wconf 71' lang='lat' dir='ltr'>,erden</span> <span class='ocrx_word' id='word_1_63' title='bbox 1192 2245 1301 2323; x_wconf 71' lang='lat' dir='ltr'>urna</span> 
     </span>
    </p>
   </div>
   <div class='ocr_carea' id='block_1_10' title="bbox 359 2397 1428 2512">
    <p class='ocr_par' dir='ltr' id='par_1_10' title="bbox 359 2397 1428 2512">
     <span class='ocr_line' id='line_1_12' title="bbox 359 2397 1428 2512; baseline -0.002 -38"><span class='ocrx_word' id='word_1_64' title='bbox 359 2425 399 2474; x_wconf 83' lang='lat' dir='ltr'>ae</span> <span class='ocrx_word' id='word_1_65' title='bbox 430 2425 517 2500; x_wconf 88' lang='lat' dir='ltr'>quae</span> <span class='ocrx_word' id='word_1_66' title='bbox 552 2401 756 2501; x_wconf 84' lang='lat' dir='ltr'>praescripta</span> <span class='ocrx_word' id='word_1_67' title='bbox 794 2414 846 2474; x_wconf 87' lang='lat' dir='ltr'>est</span> <span class='ocrx_word' id='word_1_68' title='bbox 873 2424 937 2499; x_wconf 86' lang='lat' dir='ltr'>pro</span> <span class='ocrx_word' id='word_1_69' title='bbox 962 2399 1167 2500; x_wconf 77' lang='lat' dir='ltr'>separatione</span> <span class='ocrx_word' id='word_1_70' title='bbox 1189 2397 1301 2472; x_wconf 84' lang='lat' dir='ltr'>bono·</span> <span class='ocrx_word' id='word_1_71' title='bbox 1427 2509 1428 2512; x_wconf 4' lang='grc' dir='ltr'><strong>Ἴ</strong></span> 
     </span>
    </p>
   </div>
   <div class='ocr_carea' id='block_1_11' title="bbox 356 2553 1299 2963">
    <p class='ocr_par' dir='ltr' id='par_1_11' title="bbox 356 2553 1299 2963">
     <span class='ocr_line' id='line_1_13' title="bbox 359 2553 1299 2658; baseline -0.003 -26"><span class='ocrx_word' id='word_1_72' title='bbox 359 2579 449 2634; x_wconf 89' lang='lat' dir='ltr'>rum.</span> <span class='ocrx_word' id='word_1_73' title='bbox 496 2555 675 2633; x_wconf 76' lang='lat' dir='ltr'>Caeterum</span> <span class='ocrx_word' id='word_1_74' title='bbox 700 2557 731 2632; x_wconf 92' lang='lat' dir='ltr'>si</span> <span class='ocrx_word' id='word_1_75' title='bbox 760 2553 985 2632; x_wconf 78' lang='lat' dir='ltr'>reconciliatio</span> <span class='ocrx_word' id='word_1_76' title='bbox 1010 2555 1099 2632; x_wconf 85' lang='lat' dir='ltr'>inter</span> <span class='ocrx_word' id='word_1_77' title='bbox 1140 2559 1299 2658; x_wconf 84' lang='lat' dir='ltr'>conjuges</span> 
     </span>
     <span class='ocr_line' id='line_1_14' title="bbox 357 2705 1296 2812; baseline -0.003 -23"><span class='ocrx_word' id='word_1_78' title='bbox 357 2715 415 2806; x_wconf 80' lang='lat' dir='ltr'>fit,</span> <span class='ocrx_word' id='word_1_79' title='bbox 453 2713 650 2787; x_wconf 83' lang='lat' dir='ltr'>communio</span> <span class='ocrx_word' id='word_1_80' title='bbox 677 2705 854 2786; x_wconf 68' lang='lat' dir='ltr'>=bonorum</span> <span class='ocrx_word' id='word_1_81' title='bbox 888 2714 964 2812; x_wconf 89' lang='lat' dir='ltr'>ipso</span> <span class='ocrx_word' id='word_1_82' title='bbox 996 2715 1072 2810; x_wconf 86' lang='lat' dir='ltr'>jure</span> <span class='ocrx_word' id='word_1_83' title='bbox 1102 2737 1170 2786; x_wconf 88' lang='lat' dir='ltr'>non</span> <span class='ocrx_word' id='word_1_84' title='bbox 1195 2715 1296 2786; x_wconf 87' lang='lat' dir='ltr'>resti·</span> 
     </span>
     <span class='ocr_line' id='line_1_15' title="bbox 356 2865 1297 2963; baseline -0.005 -18"><span class='ocrx_word' id='word_1_85' title='bbox 356 2869 481 2963; x_wconf 89' lang='lat' dir='ltr'>tuitur,</span> <span class='ocrx_word' id='word_1_86' title='bbox 514 2867 574 2944; x_wconf 88' lang='lat' dir='ltr'>sed</span> <span class='ocrx_word' id='word_1_87' title='bbox 599 2891 712 2943; x_wconf 81' lang='lat' dir='ltr'>ansus</span> <span class='ocrx_word' id='word_1_88' title='bbox 747 2867 905 2943; x_wconf 85' lang='lat' dir='ltr'>constitui</span> <span class='ocrx_word' id='word_1_89' title='bbox 931 2865 1056 2958; x_wconf 85' lang='lat' dir='ltr'>debet,</span> <span class='ocrx_word' id='word_1_90' title='bbox 1089 2867 1297 2942; x_wconf 86' lang='lat' dir='ltr'>instrumen-</span> 
     </span>
    </p>
   </div>
   <div class='ocr_carea' id='block_1_12' title="bbox 357 3023 1295 3263">
    <p class='ocr_par' dir='ltr' id='par_1_12' title="bbox 357 3023 1295 3263">
     <span class='ocr_line' id='line_1_16' title="bbox 357 3023 1295 3129; baseline 0 -26"><span class='ocrx_word' id='word_1_91' title='bbox 357 3026 394 3104; x_wconf 73' lang='lat' dir='ltr'>&#39;to</span> <span class='ocrx_word' id='word_1_92' title='bbox 420 3026 579 3129; x_wconf 81' lang='lat' dir='ltr'>legitime</span> <span class='ocrx_word' id='word_1_93' title='bbox 604 3027 716 3101; x_wconf 78' lang='lat' dir='ltr'>&#39;coram</span> <span class='ocrx_word' id='word_1_94' title='bbox 748 3023 884 3100; x_wconf 88' lang='lat' dir='ltr'>notariis</span> <span class='ocrx_word' id='word_1_95' title='bbox 915 3025 1094 3117; x_wconf 85' lang='lat' dir='ltr'>consecto,</span> <span class='ocrx_word' id='word_1_96' title='bbox 1115 3025 1209 3101; x_wconf 84' lang='lat' dir='ltr'>Art.</span> <span class='ocrx_word' id='word_1_97' title='bbox 1226 3027 1295 3102; x_wconf 78' lang='lat'>511</span> 
     </span>
     <span class='ocr_line' id='line_1_17' title="bbox 359 3183 551 3263; baseline 0.036 -7"><span class='ocrx_word' id='word_1_98' title='bbox 359 3183 447 3260; x_wconf 79' lang='lat' dir='ltr'>cod.</span> <span class='ocrx_word' id='word_1_99' title='bbox 474 3185 551 3263; x_wconf 82' lang='lat' dir='ltr'>civ.</span> 
     </span>
    </p>
   </div>
   <div class='ocr_carea' id='block_1_13' title="bbox 778 3343 895 3436">
    <p class='ocr_par' dir='ltr' id='par_1_13' title="bbox 778 3343 895 3436">
     <span class='ocr_line' id='line_1_18' title="bbox 778 3343 895 3436; baseline 0.026 -21"><span class='ocrx_word' id='word_1_100' title='bbox 778 3345 812 3436; x_wconf 84' lang='lat'>§.</span> <span class='ocrx_word' id='word_1_101' title='bbox 860 3343 895 3418; x_wconf 76' lang='grc'>4.</span> 
     </span>
    </p>
   </div>
   <div class='ocr_carea' id='block_1_14' title="bbox 355 3647 1300 4048">
    <p class='ocr_par' dir='ltr' id='par_1_14' title="bbox 355 3647 1300 4048">
     <span class='ocr_line' id='line_1_19' title="bbox 381 3647 1297 3757; baseline -0.008 -20"><span class='ocrx_word' id='word_1_102' title='bbox 381 3647 471 3738; x_wconf 62' lang='grc' dir='ltr'>’ίῆ</span> <span class='ocrx_word' id='word_1_103' title='bbox 518 3655 621 3752; x_wconf 85' lang='lat' dir='ltr'>Quod</span> <span class='ocrx_word' id='word_1_104' title='bbox 652 3657 681 3730; x_wconf 91' lang='lat' dir='ltr'>si</span> <span class='ocrx_word' id='word_1_105' title='bbox 706 3656 828 3756; x_wconf 85' lang='lat' dir='ltr'>conjux</span> <span class='ocrx_word' id='word_1_106' title='bbox 861 3655 920 3755; x_wconf 81' lang='lat' dir='ltr'>qui</span> <span class='ocrx_word' id='word_1_107' title='bbox 951 3656 1196 3757; x_wconf 84' lang='lat' dir='ltr'>separationem</span> <span class='ocrx_word' id='word_1_108' title='bbox 1225 3657 1297 3732; x_wconf 88' lang='lat' dir='ltr'>im·</span> 
     </span>
     <span class='ocr_line' id='line_1_20' title="bbox 355 3813 1295 3922; baseline -0.004 -31"><span class='ocrx_word' id='word_1_109' title='bbox 355 3815 502 3922; x_wconf 71' lang='lat' dir='ltr'>petrarit</span> <span class='ocrx_word' id='word_1_110' title='bbox 544 3840 611 3890; x_wconf 91' lang='lat' dir='ltr'>uon</span> <span class='ocrx_word' id='word_1_111' title='bbox 650 3813 769 3892; x_wconf 84' lang='lat' dir='ltr'>habeat</span> <span class='ocrx_word' id='word_1_112' title='bbox 805 3813 896 3890; x_wconf 90' lang='lat' dir='ltr'>unde</span> <span class='ocrx_word' id='word_1_113' title='bbox 931 3838 968 3890; x_wconf 84' lang='lat' dir='ltr'>se</span> <span class='ocrx_word' id='word_1_114' title='bbox 999 3831 1188 3909; x_wconf 83' lang='lat' dir='ltr'>sustentet,</span> <span class='ocrx_word' id='word_1_115' title='bbox 1229 3816 1295 3888; x_wconf 74' lang='lat' dir='ltr'>ali-</span> 
     </span>
     <span class='ocr_line' id='line_1_21' title="bbox 1198 3996 1300 4048; baseline -0.137 1"><span class='ocrx_word' id='word_1_116' title='bbox 1198 3996 1300 4048; x_wconf 85' lang='lat' dir='ltr'>rnen.</span> 
     </span>
    </p>
   </div>
   <div class='ocr_carea' id='block_1_15' title="bbox 0 0 1444 4952">
    <p class='ocr_par' dir='ltr' id='par_1_15' title="bbox 0 0 1444 4952">
     <span class='ocr_line' id='line_1_22' title="bbox 0 0 1444 4952; baseline 0 2"><span class='ocrx_word' id='word_1_117' title='bbox 0 0 1444 4952; x_wconf 95' lang='lat' dir='ltr'> </span> 
     </span>
    </p>
   </div>
  </div>
 </body>
</html>
