2880 4952
343 455 367 534 4
522 449 832 545 nlsssanmo
884 441 1106 531 J'Uttlnlcs

360 602 394 734 et
423 681 559 732 mensae
581 657 683 732 ambo
706 660 869 758 conjuges
901 655 946 731 ad
975 654 1175 730 caelibatum
1212 675 1299 726 con·

355 813 581 903 damnantur,
607 825 642 887 ct
673 837 717 887 ne
740 815 862 910 conjux
893 813 1054 886 innocens
1071 807 1212 910 quidem
1229 806 1297 881 fiai
1358 810 1361 816 ’

350 983 465 1070 potest
489 971 588 1044 bonis
611 983 646 1043 et
671 966 862 1043 commodis
891 969 1065 1068 legitimae
1086 965 1296 1066 conjunctio·

350 1127 417 1204 nis.
468 1126 594 1226 Iniuria
622 1126 746 1228 igitur,
779 1125 892 1202 nostra
917 1109 1057 1226 quidem
1111 1120 1297 1209 sententia,

347 1307 407 1356 rex
439 1282 569 1356 Galliae
608 1305 824 1359 nnoovtcns
866 1282 1007 1360 XVIII.
1047 1282 1127 1376 tege
1162 1276 1296 1374 sttajt

355 1439 457 1516 1816.
480 1440 664 1517 ffivorfiom
693 1441 854 1518 abolevit.
1053 1415 1055 1425 ‚

399 1594 551 1673 Unicum
588 1596 807 1671 commodam
845 1609 957 1670 tamen
1000 1592 1094 1697 quod
1136 1593 1297 1694 separatio

351 1748 440 1824 thori
468 1764 501 1820 et
524 1775 661 1824 mensae
689 1777 769 1851 prae
801 1751 947 1828 divortio
967 1751 1110 1841 habeat,
1134 1749 1295 1851 estquod

354 1920 525 1980 remaneat
554 1931 631 2006 spes
657 1907 932 1982 reconciliationis
957 1910 1161 2006 conjugum
1186 1931 1296 2004 cxpe-

349 2060 469 2134 rientia
495 2086 575 2134 vcro
599 2061 713 2134 docuit
742 2063 864 2136 multas
892 2064 1137 2162 separationes,
1175 2085 1297 2161 pancas

350 2242 433 2296 vero
475 2219 761 2294 reconciliationes
801 2220 915 2295 locum
961 2219 1142 2297 habuisses
1182 2243 1296 2319 neque

353 2378 480 2480 mirum
508 2379 668 2476 conjuges
696 2378 756 2476 qui
781 2376 933 2450 moribus
958 2391 1059 2476 atque
1089 2375 1295 2450 indeletam

346 2530 477 2606 diversi
522 2542 642 2621 erant,
689 2545 730 2605 ut
775 2533 921 2606 saevitiis
948 2533 1146 2632 injuriisque
1173 2531 1297 2608 talibus

353 2699 547 2772 uterentur,
582 2711 670 2786 quae
700 2693 943 2786 separationem
975 2691 1192 2764 necessariam
1217 2691 1299 2764 red·
1337 2683 1341 2692 ¹

233 2917 238 2924 ,
353 2841 497 2934 dorent,
545 2868 614 2916 non
642 2844 740 2916 facile
777 2867 890 2916 mrsns
931 2848 1200 2943 conjunctionem
1229 2850 1301 2924 ini.

353 3029 392 3080 re
423 3003 531 3094 nelle,
554 3026 641 3104 quaa
674 3001 741 3076 illis
782 3001 991 3077 miseriarum
1025 3003 1193 3080 uberrima
1223 3008 1300 3080 fons
1430 3067 1431 3092 p

353 3162 458 3240 nit

401 3315 567 3408 Quamvis
606 3315 711 3416 igitur
739 3315 925 3392 divortium
961 3342 1042 3417 praa
1091 3297 1300 3418 sepniationo

352 3469 441 3548 thori
472 3487 506 3545 et
530 3499 666 3548 mensae
685 3474 814 3566 feram,
844 3475 900 3550 illa
929 3489 1043 3548 tamen
1076 3475 1161 3550 mihi
1187 3493 1299 3553 mate-

352 3631 402 3702 ria
441 3629 521 3702 satis
552 3628 655 3730 digno
684 3630 755 3706 visa
784 3643 834 3704 est
861 3629 904 3702 dc
936 3649 1002 3729 qua
1031 3629 1299 3708 dissertationem

351 3785 635 3896 qualemcumque
656 3784 870 3879 ‘osherem
906 3787 1103 3896 praesertim
1133 3813 1212 3866 com
1234 3813 1300 3862 oo-

1195 3951 1298 4029 sciam
