2880 4952
294 405 899 515 ,lusuounums
1042 410 1094 486 ss

150 623 262 686 mente
288 609 331 684 eb
350 612 454 686 altero
479 616 625 716 conjuge
656 611 790 714 exigere
818 628 947 716 potest,
962 617 1090 694 ratione

148 767 260 844 habita
289 770 441 845 fortunae
467 771 629 872 conjugis,
681 773 857 866 Quantitas
883 787 995 850 nutem
1022 776 1088 852 dc·

144 925 353 1040 terminanda
386 939 485 1002 este
519 927 717 1022 Judicibus,
749 930 841 1006 Art.
864 935 950 1008 501.
997 931 1087 1010 Cure

142 1053 257 1160 entem
297 1082 505 1184 separatione
535 1086 791 1162 matrimonium
826 1113 895 1164 non
922 1087 1091 1166 dissolve·

143 1255 220 1334 tur,
246 1240 382 1318 videtur
413 1243 516 1318 mom
541 1247 662 1343 conjux
692 1271 818 1319 nocens
845 1245 889 1318 ab
912 1247 1089 1322 innocente

142 1400 302 1476 elimenta
318 1499 321 1508 Ι
340 1415 455 1500 petere
490 1425 612 1502 posse;
656 1402 721 1478 hoc
744 1429 821 1480 casu
848 1429 929 1482 vero
957 1404 1087 1504 judices

145 1557 260 1632 minus
286 1559 399 1633 faciles
428 1582 503 1634 esse
531 1559 656 1634 debent
676 1561 712 1634 in
737 1562 778 1636 iis
808 1559 1045 1642 concedendis.

553 1879 584 2010 ᾗ.
631 1878 665 1952 5.

191 2193 248 2272 5⁰.
297 2153 400 2287 Quod
431 2194 460 2268 si
493 2195 658 2292 separatio
684 2193 788 2292 petita
813 2195 858 2268 sit
881 2193 926 2267 ob
950 2217 1083 2268 causam

142 2351 296 2426 adulterii
325 2351 458 2442 uxoris,
494 2349 597 2424 debet
623 2349 743 2424 codem
768 2348 915 2449 judicio,
946 2363 1084 2450 petente

141 2508 331 2582 ministerio
355 2505 511 2606 publico,
544 2507 761 2582 condemnari
789 2507 833 2581 ed
852 2507 1082 2584 detentionem

139 2667 177 2742 in
202 2667 310 2740 domo
334 2689 421 2764 quae
442 2689 463 2736 e
488 2648 720 2758 corrigendis
745 2659 938 2738 hominibus
958 2689 1084 2740 nomen

139 2821 262 2914 habet,
284 2847 371 2920 quae
397 2821 547 2896 detentio
572 2847 683 2922 neque
709 2821 821 2898 minor
847 2823 954 2896 uibus
979 2849 1106 2898 men·¹

141 2981 236 3056 sibus
276 3005 387 3082 neque
430 2979 564 3080 longior
590 2977 725 3052 duobus
749 2977 845 3050 annis
873 3004 946 3052 esse
967 2991 1081 3078 potest

139 3143 230 3217 Art.
266 3143 348 3215 sos.
406 3138 495 3212 Cum
522 3149 637 3211 eutem
665 3134 901 3212 condemnatio
926 3135 985 3210 fias
1013 3161 1080 3234 pe·

139 3310 233 3372 tente
261 3295 446 3370 ministerio
469 3293 628 3394 publico,
645 3317 730 3368 uxor
759 3317 895 3394 semper
912 3292 1079 3368 condem.

138 3453 210 3527 neri
241 3453 343 3528 debet
372 3451 501 3526 etiamsi
533 3451 671 3526 meritus
702 3450 788 3526 illud
820 3477 888 3524 non
916 3455 1075 3552 exigeret.

185 3613 291 3686 Recte
315 3625 428 3684 nutem
445 3609 615 3711 legislator
639 3588 764 3684 tentem
790 3609 1001 3688 latitudinem
1021 3615 1080 3706 ἰω-Ι

134 3767 270 3846 dinibus
300 3765 393 3844 dedit
420 3765 456 3864 in
483 3792 591 3868 poena
619 3765 893 3862 determinando,
930 3781 968 3844 nt
992 3793 1078 3869 pos-
1160 3823 1162 3828 ,

600 3949 603 3960 ·
623 3921 654 3997 E
677 3946 699 3998 2
1011 3920 1081 3996 siut
