2880 4952
309 389 882 474 ruaoauaaura
1038 417 1064 496 9

116 601 208 676 tione
231 599 344 675 mariti
373 603 485 676 locum
524 626 592 679 non
623 600 736 682 habet.
784 601 963 678 Caeterum
985 629 1057 705 pn·

117 755 183 831 dor
217 757 330 832 uxoris
366 757 545 858 prohibere
580 758 718 836 videtur
746 759 929 859 quominus
954 760 1064 835 mari·

113 925 190 986 tum
218 914 264 987 ob
276 913 491 988 xadulterium
513 915 656 1013 simplex
671 901 826 1005 accuret}
850 912 911 990 sed
926 915 955 992 ri
970 939 1056 990 con·

113 1069 236 1146 cubina
261 1072 298 1145 in
324 1071 428 1146 domo
451 1073 624 1147 communi
647 1071 835 1163 cohabitat,
850 1085 932 1147 tuuc
960 1071 1056 1148 into-

112 1227 262 1304 lerabilia
285 1229 381 1302 uxori
409 1241 460 1302 est
486 1228 630 1325 injuria,
660 1227 761 1328 eique
791 1230 845 1324 jus
869 1229 927 1302 dat
955 1253 1063 1328 sepa«

110 1385 277 1460 rationem
308 1382 459 1486 petendi.

164 1539 344 1630 Quaeritur
366 1553 501 1632 autem,
533 1567 576 1614 an
604 1540 763 1616 haeredes
787 1543 900 1618 mariti
918 1545 971 1640 jus
992 1542 1060 1618 lan-

113 1699 218 1772 heant
258 1722 397 1772 uxorem
435 1696 591 1772 adulterii
627 1697 824 1790 accusandi,
866 1701 894 1773 si
917 1701 1056 1778 mariana

114 1822 194 1952 post
220 1853 484 1960 accusationem,
511 1851 573 1928 sed
603 1867 682 1928 ante
722 1855 824 1930 latam
853 1858 1056 1932 sententiam

113 2023 267 2084 mortuus
290 2011 356 2102 sit,
386 2035 466 2084 eum
496 2011 532 2086 iu
559 2012 663 2084 finem
697 2025 735 2086 ut
761 2012 940 2086 commoda
968 1979 1068 2088 uxo·x

111 2170 142 2242 ri
164 2195 184 2242 a
207 2172 330 2245 marito
350 2173 443 2244 faeta
461 2169 683 2244 revocentur?
715 2169 740 2240 J
742 2195 800 2242 ure
841 2169 972 2242 Gallico
994 2193 1059 2242 an·

114 2327 211 2429 tiquo
226 2325 321 2406 'illud
342 2327 450 2400 iacere
472 2337 649 2425 poterant,
682 2325 760 2425 quia
788 2325 924 2398 illorum
950 2324 1059 2398 inter·-

115 2465 189 2558 erat
231 2482 324 2584 quod
363 2479 655 2560 condemnaretur.
715 2481 789 2558 Hoc
829 2505 907 2554 casu
939 2494 1057 2554 autem

115 2663 203 2712 uxor
223 2637 396 2712 amittebat
413 2637 596 2712 commoda
622 2637 802 2736 stipulata,
819 2650 853 2710 et
888 2635 949 2745 dos
979 2661 1071 2708 maw

115 2799 185 2872 rito
207 2798 321 2894 ejusve
350 2793 549 2912 haeredibus
574 2792 841 2892 adjudicabatur.
888 2793 959 2872 Sed
984 2791 1057 2866 Go-

116 2955 182 3030 dex
207 2949 465 3055 Napoleonticus
493 2951 554 3026 hac
586 2950 630 3026 de
659 2977 696 3026 re
724 2977 794 3024 non
819 2953 989 3051 loquitur,
1023 2964 1058 3025 et

116 3126 196 3188 sunt
227 3114 287 3212 qui
330 3122 450 3210 putent
495 3106 582 3180 hanc
619 3106 814 3184 tenultatem
857 3105 1058 3182 haeredibus

119 3265 352 3368 denegandam
372 3289 456 3342 esse.
503 3265 603 3338 Ratio
630 3261 839 3336 differentiae
860 3275 930 3352 est,
964 3261 1071 3361 quod.

117 3429 193 3524 jure
228 3425 366 3530 antiquo
397 3421 484 3498 actio
530 3419 689 3496 adulterii
729 3420 924 3519 principalis
965 3435 1059 3513 erat3
1094 3529 1097 3534 Ι

118 3583 179 3656 sed
202 3585 277 3680 jure
304 3607 394 3660 novo
420 3581 506 3654 actio
535 3579 579 3654 ad
604 3578 851 3679 impetrandam
873 3580 1059 3680 separatio·

123 3767 205 3818 nem
232 3739 321 3816 thori
353 3753 387 3816 et
402 3709 550 3816 'mensae
575 3738 769 3841 principalis
793 3751 864 3833 est,
905 3753 938 3814 et
962 3738 1061 3814 adul·

533 3947 539 3960 .
652 3895 683 3967 Β
1015 3907 1070 3968 te·
