2880 4952
337 351 917 442 ttt'tUoURAms.
1059 379 1111 436 21

168 570 287 648 voluit·
315 569 389 644 sine
427 571 606 668 praemissa
645 567 874 642 conciliatione
910 565 1029 666 (Art.
1065 565 1115 662 49

167 732 200 829 §.
228 752 261 827 7·
280 729 367 802 coo.
395 729 546 802 Proceri.
573 725 651 804 cio.
672 726 716 822 ),·
747 725 851 826 igitur
886 721 1018 798 admitti
1044 748 1114 798 non

161 899 283 988 potest
306 887 432 961 ratlooe
460 885 679 985 separationis
697 883 784 960 thori
804 895 839 958 et
857 907 994 958 mensae
1014 907 1115 984 qnam

160 1067 305 1143 ‘semper
344 1044 497 1144 seqnitur
536 1043 700 1144 separatio
728 1040 918 1132 bonorum,
949 1052 1117 1116 caeterum

170 1219 327 1305 apertum
351 1204 474 1276 etiam
522 1214 574 1275 est
612 1225 653 1276 ex
687 1197 982 1300 disceptationibus
1018 1221 1120 1300 super

162 1364 264 1438 ·huoc
299 1361 477 1436 articulum
516 1355 675 1448 liabitis‚·
703 1357 976 1434 conciliationem
1005 1381 1119 1432 coram

176 1519 201 1590 J
203 1517 300 1590 adice
332 1516 543 1590 Pacificatore
581 1515 617 1590 io
641 1539 719 1588 casu
745 1515 962 1614 separationis
981 1513 1068 1588 thori
1088 1526 1122 1588 et

174 1701 313 1750 mensae
338 1674 559 1748 necessariam
583 1699 652 1746 non
678 1697 748 1756 esse
772 1673 817 1772 (*
831 1679 859 1770 ).

220 1835 396 1910 Caeterum
416 1831 534 1908 eadem
558 1785 665 1906 lorma
694 1829 892 1912 observator
916 1855 956 1904 ac
983 1831 1020 1904 in
1046 1829 1119 1906 aliis

972 2011 1122 2062 ·cau·

167 2331 171 2364 ς
208 2303 264 2376 (t)
287 2302 376 2357 Verba
399 2301 546 2356 haec'eont
580 2301 636 2377 «ξ’
645 2299 727 2354 ordre
746 2301 856 2370 public,
893 2300 973 2354 diunt
995 2311 1028 2352 st.
1048 2311 1121 2354 natt-

173 2438 191 2470 a
209 2426 298 2471 tttttt,
327 2415 408 2466 serait
433 2430 483 2484 pen
511 2412 623 2465 satisfait
652 2413 675 2464 si
701 2413 766 2464 l'on
788 2428 822 2464 na
842 2411 980 2481 procedait
1008 2411 1045 2466 ici
1071 2429 1122 2466 aux

166 2508 193 2580 ‘a
210 2525 284 2578 acies
310 2522 343 2576 de
371 2523 543 2576 conciliation
570 2539 621 2592 qua
643 2539 743 2576 comme
777 2523 843 2576 dans
865 2524 903 2576 les
930 2531 1014 2577 autres
1034 2539 1122 2580 causes

59 2647 62 2654 '
175 2657 191 2690 a
210 2633 367 2686 ordinaires.
402 2631 427 2685 ll
447 2631 594 2686 facticii
616 2632 705 2685 raison
725 2632 759 2684 cle
779 2635 805 2686 la
827 2633 927 2703 gravitd
951 2635 998 2687 des
1011 2633 1121 2688 circon-

173 2769 189 2801 α
206 2751 326 2798 stancen
351 2759 386 2794 un
410 2744 546 2812 magistrat
563 2743 620 2810 plns
642 2744 757 2796 eminent
771 2759 839 2813 pour
855 2761 961 2798 exercet
980 2746 1006 2798 la
1025 2745 1121 2798 uonn-

172 2880 188 2912 a
206 2856 263 2908 tere
283 2855 317 2906 de
329 2853 391 2924 pain
410 2862 437 2907 et
459 2853 492 2905 de
515 2854 706 2918 conciliation,
733 2861 761 2907 ct
779 2862 852 2908 c’ent
865 2856 891 2909 le
912 2855 1047 2925 president
1060 2855 1123 2910 md·

173 2983 248 3023 «me
268 2964 304 3018 do
317 2965 432 3018 tribunal
451 2981 501 3032 qne
523 2965 548 3016 la
563 2965 600 3017 loi
614 2964 740 3034 designes
766 2981 802 3017 on
823 2981 856 3017 nc
879 2982 978 3034 ponrra
997 2965 1025 3016 d·
1036 2963 1121 3016 abord

162 3100 191 3146 1α
208 3075 356 3128 s'odressar
376 3073 447 3144 qo'd
468 3074 506 3126 lui
524 3080 552 3126 et
571 3074 592 3126 il
613 3074 695 3127 derra
715 3075 842 3128 antandro
856 3075 893 3125 lea
915 3075 1000 3142 dpoux
1014 3103 1121 3130 .....

175 3210 191 3242 a
208 3189 246 3238 les
268 3188 353 3256 alponx
372 3191 462 3238 saront
483 3183 553 3238 donc
575 3151 648 3236 tenrri
667 3185 700 3236 de
723 3185 899 3254 comparoitre
921 3200 953 3235 en
974 3197 1119 3251 personne,

175 3304 235 3354 aet
261 3297 287 3349 le
307 3299 367 3365 juge
388 3303 489 3349 tentare
511 3295 544 3348 de
572 3297 610 3348 les
637 3293 818 3364 rapprocher‚
849 3303 873 3347 ι’
881 3295 902 3348 il
933 3293 1033 3348 echone
1054 3295 1119 3350 daos

161 3427 192 3466 ·«
209 3415 276 3462 cetto
299 3407 378 3460 noble
401 3407 546 3464 tentative,
572 3405 689 3476 stapris
708 3405 784 3475 qn'il
806 3421 868 3457 acra
881 3405 989 3476 designat
1009 3409 1035 3460 la
1048 3409 1119 3460 mal·

174 3542 191 3576 1
208 3535 257 3570 son
276 3518 311 3570 oia
325 3519 350 3570 la
363 3520 455 3571 femme
476 3487 574 3588 potiare
595 3535 622 3569 ae
643 3517 740 3570 retiner
755 3515 992 3584 proviaoirement2
1009 3519 1035 3569 la
1050 3534 1120 3586 pro-

173 3654 190 3686 «
208 3631 304 3682 cedure
328 3631 414 3684 suivra
443 3647 492 3683 aon
518 3644 622 3682 court-n
665 3627 716 3680 Per
753 3642 844 3680 rocam
871 3627 1017 3698 procedure
1046 3625 1115 3682 enim

176 3740 289 3810 intelligi
308 3741 398 3809 nequit
418 3741 583 3796 conciliatio.

651 3849 727 3922 05
