2880 4952
332 415 380 492 38
508 407 822 488 DISSERTATIO
874 409 1093 492 JURlDlCA

331 618 532 719 conjugibus
571 644 648 692 eam
678 620 883 710 renovandi3
902 683 907 700 .
928 618 1081 722 adeoque
1110 618 1191 696 haee
1220 647 1278 698 re-

329 776 465 853 novatio
490 763 678 850 donationis
708 801 823 851 revera
854 789 903 851 est
927 802 1015 854 nova
1041 758 1198 868 donatio,
1227 789 1279 851 est

328 935 507 1012 liberalitas
531 935 626 1012 nullo
653 939 729 1034 jure
756 949 896 1037 cogente
927 937 1032 1026 frou,
1064 935 1177 1012 locum
1214 934 1279 1010 ha·

327 1093 387 1170 bet
421 1107 528 1169 stante
556 1093 769 1168 matrimonio
797 1091 951 1194 adeoque
988 1105 1039 1168 est
1063 1092 1277 1174 revocabilis

716 1414 767 1512 t·
815 1438 851 1512 7·

373 1732 476 1806 Nune
517 1744 630 1805 eutem
663 1730 838 1807 videamus
865 1731 909 1806 de
943 1731 1116 1806 effectibus
1139 1756 1274 1832 separa·

329 1887 428 1962 tionis
456 1885 543 1960 thori
569 1902 603 1960 et
637 1911 788 1976 mensae,
822 1885 948 1960 liberos
980 1887 1221 1984 spectantibus.

379 2045 431 2122 ι’.
462 2043 565 2136 Quod
592 2043 689 2118 libari
716 2044 830 2118 omnia
854 2043 1056 2136 commoda,
1091 2071 1177 2144 quae
1205 2047 1275 2122 illis

328 2203 423 2282 vala
458 2202 534 2304 lege
562 2201 617 2276 vel
642 2213 740 2301 paeto
759 2200 900 2301 nuptiali
922 2215 1100 2300 parentum
1127 2171 1278 2278 eones-⁸

327 2385 363 2433 sa
392 2373 490 2448 sunt,
533 2361 719 2449 retineant,
749 2359 821 2454 jura
847 2371 962 2432 auteur
992 2356 1073 2432 inde
1099 2339 1275 2458 proflueuss

326 2515 373 2590 tia
414 2526 542 2588 tantum
588 2537 739 2588 exerrare
778 2526 922 2612 possunt
961 2511 1084 2586 eodem
1119 2527 1274 2616 tempore

330 2683 364 2744 et
394 2670 457 2744 sub
488 2670 611 2744 iisdem
636 2669 913 2760 conditionibuS,
945 2673 1009 2744 sub
1032 2671 1156 2770 quibus
1170 2673 1274 2748 etiam

330 2853 370 2901 ea
400 2851 552 2902 exercere
576 2825 779 2925 potuissent,
813 2827 842 2900 si
877 2830 1040 2926 separatio
1074 2855 1142 2904 non
1166 2831 1274 2905 inter-

330 2986 500 3076 venissen
535 2986 624 3062 Art.
651 2985 733 3062 304.

729 3301 769 3399 o.
819 3301 853 3376 e.

389 3632 443 3692 α’.
468 3614 570 3707 Quod
581 3615 631 3704 ,si
650 3615 797 3690 minores
815 3616 881 3690 sint
896 3616 1279 3710 liberi,comrnittentur

289 3801 435 3856 „rurae
459 3775 609 3872 conjugis
640 3775 848 3866 innocentis,
884 3789 995 3876 potest
1027 3792 1141 3856 autem
1168 3781 1281 3856 tribu·

1201 3939 1282 4031 nal,
1429 4005 1430 4053 p
