2880 4952
356 359 922 448 INAUGURALIS.
1064 370 1113 446 25

165 572 258 650 enim
292 575 387 650 nulla
415 587 466 648 est
494 562 559 666 tis,
601 574 662 648 sed
697 575 861 650 tententiae
889 573 1000 650 stetin
1025 595 1112 674 prou

79 813 85 828 ,
165 731 356 808 enudetur.

218 887 290 965 Sed
308 890 504 992 principalis
524 903 561 964 et
579 890 849 990 frequentissime
874 887 1029 988 exceptio
1058 901 1110 966 est

166 1043 412 1140 reconciliatio,
427 1065 536 1146 quum
560 1047 653 1120 enim
677 1045 842 1146 separatio
866 1057 1001 1146 putatur
1028 1043 1109 1120 ideo

166 1205 248 1305 quia
282 1204 352 1277 ulta
384 1197 527 1279 mator
557 1202 759 1278 cohabitatio
800 1205 887 1278 facta
911 1203 957 1276 rit
982 1201 1109 1278 intete-

166 1359 305 1452 rnbilis,
327 1361 409 1437 haee
430 1381 530 1434 eausa
553 1359 825 1436 reuuuciiiatiutte
843 1371 969 1453 eeseett
993 1357 1109 1458 stigi-

167 1531 228 1591 tur
247 1537 327 1591 reus
351 1516 522 1592 contendit
551 1517 855 1592 reconciliationem
889 1516 1108 1592 interresse

164 1675 351 1772 postfacto
375 1675 420 1748 ob
445 1697 534 1774 quae
559 1675 664 1776 petita
696 1687 746 1748 est
773 1673 955 1774 separatio,
978 1669 1106 1746 admit·

165 1832 244 1908 titur
269 1793 586 1931 adprobationem,
616 1855 703 1931 quae
724 1841 798 1904 tum
824 1831 1006 1930 scriptura,
1027 1843 1103 1904 tum

162 1987 303 2062 testibus
330 1991 403 2062 fieri
425 2003 547 2089 petest.
595 1989 773 2082 Quaeritur
792 2003 932 2080 autem,
959 2013 1003 2062 an
1021 2011 1104 2088 gru·

168 2145 310 2222 viditate
342 2147 454 2218 uxoris
489 2146 715 2218 reconciliatio
749 2144 931 2243 probatur,
968 2145 1102 2220 videtur

143 2291 457 2403 ¹distinguendum,
483 2327 610 2402 nempe
629 2303 657 2375 si
674 2325 758 2375 uxor
775 2301 1018 2402 separationem
1037 2327 1102 2400 pe-

160 2456 457 2548 tit,reconciliatio
472 2457 655 2556 probatur;
679 2482 757 2532 nam
765 2456 965 2532 contendere
982 2459 1099 2559 nequit

157 2641 196 2690 se
223 2615 354 2690 etalio
376 2640 479 2710 quam
504 2615 624 2690 marito
648 2616 859 2714 concepisse,
882 2639 983 2690 nemo
1005 2617 1096 2692 enim

153 2772 290 2847 auditur
322 2779 434 2846 suam
454 2769 696 2872 turpitudinem
732 2771 900 2872 allegens3
947 2775 976 2846 si
1009 2799 1089 2850 vero

153 2931 292 3004 maritus
319 2945 410 3004 ector
444 2943 517 3018 est,
560 2929 707 3002 tribunat
740 2953 779 3000 ea
814 2926 920 3001 dere
947 2929 1094 3026 judicare

155 3086 281 3176 debet,
328 3087 402 3159 fieri
434 3087 526 3158 enirn
560 3097 672 3183 potest
709 3097 747 3158 ut
775 3082 956 3185 graviditas
983 3085 1095 3160 uxoris

155 3267 245 3316 nura
276 3241 395 3338 injuria
419 3241 537 3314 marito
558 3241 622 3331 sit,
654 3243 851 3346 praesertim
878 3241 907 3314 si
931 3241 1092 3341 separatio

152 3397 201 3472 ob
231 3395 432 3472 adulterium
461 3411 602 3497 petatur.
1108 3373 1110 3380 ‚

198 3557 275 3632 Atia
305 3559 403 3632 etiam
435 3571 486 3632 est
517 3557 693 3658 exceptio,
728 3559 881 3658 quamvis
913 3586 981 3635 nou
1019 3575 1089 3636 tarn

151 3713 333 3812 frequens,
372 3713 400 3789 si
433 3712 559 3790 scilicet
594 3716 714 3811 conjux
756 3716 814 3816 qui
845 3719 1087 3820 separationem

1013 3877 1092 3948 tho·
