2880 4952
351 413 401 492 56
518 413 830 493 Dissautfflo
875 411 1097 490 summus

346 607 416 698 sint
443 621 631 721 simplioem
661 622 796 722 culpam
830 649 850 694 a
880 620 1032 696 motibus
1052 621 1153 720 plane
1180 617 1293 696 diseo<

347 781 428 856 lutis
449 779 662 872 discernere3
687 781 757 856 ille*
770 793 884 854 autem
911 781 970 881 mii
986 779 1191 856 adulteaium
1211 769 1292 856 eum

350 962 453 1014 uxore
480 940 669 1029 commisit,
700 936 746 1012 ad
771 937 927 1012 eamdem
956 963 1102 1038 poenam
1123 936 1296 1014 detentio·
1344 1024 1349 1030 ⁴

349 1098 401 1171 nis
429 1093 645 1170 condemnari
672 1093 794 1186 debet,
828 1110 865 1170 et
887 1095 1026 1196 iusuper
1052 1096 1096 1170 ad
1130 1096 1295 1172 muletam
1419 1122 1420 1176 t

346 1269 484 1332 eentum
508 1281 618 1356 usque
647 1249 692 1330 ad
717 1254 789 1332 duo
815 1256 923 1332 millia
950 1257 1152 1334 fmnoomm.

395 1409 485 1490 Cum
510 1438 592 1488 vero
618 1412 747 1512 judicio
770 1439 838 1489 nou
870 1412 979 1507 adsit,
1015 1413 1101 1490 illud
1128 1415 1201 1492 fieri
1227 1441 1295 1489 noo

349 1588 463 1676 potest
497 1536 615 1648 eadem
645 1574 827 1668 sententia3
863 1587 1033 1675 praeterea
1063 1577 1136 1675 ejus
1161 1575 1296 1650 aduae·

349 1729 439 1804 rium
462 1746 593 1806 tantum
620 1731 756 1832 paobari
783 1744 895 1832 potest
911 1733 1065 1830 flagranti
1094 1731 1218 1806 delicto
1236 1731 1292 1806 vel

349 1887 500 1986 epistolis
523 1887 566 1957 ab
591 1911 633 1960 eo
662 1886 805 1986 scriptis.
855 1885 895 1960 Si
926 1887 1091 1986 separatio
1115 1886 1222 1986 petita
1244 1899 1297 1961 est
1421 1909 1422 1922 ¹

349 2043 428 2144 quia
463 2043 604 2116 maritus
646 2041 869 2116 ooneubinem
912 2042 947 2116 in
987 2041 1091 2118 domo
1121 2043 1297 2117 communi

351 2199 492 2293 hebuit,
542 2198 762 2274 condemnari
807 2199 912 2276 debet
954 2199 999 2274 ad
1036 2201 1198 2276 mulctam
1231 2205 1297 2278 too

350 2381 459 2460 usque
491 2355 538 2436 ad
580 2317 672 2432 aooo
704 2359 906 2433 tranoomm.
961 2357 1140 2432 Rationem
1182 2369 1298 2430 autem
1422 2335 1423 2390 f

352 2513 581 2604 differentiae,
617 2537 689 2588 cur.
703 2512 909 2590 adulterium
937 2515 1050 2589 uxoris
1073 2515 1209 2618 gravius
1228 2540 1298 2615 pu·

351 2673 462 2746 uiator
494 2697 598 2770 quam
642 2673 774 2761 mariti,
816 2697 916 2771 supra
950 2675 1020 2768 jam
1069 2671 1298 2771 exposuimus
1423 2763 1424 2780 ἶ

352 2825 532 2898 Caeterum
566 2823 701 2900 videtur
729 2825 868 2898 maritus
895 2800 1048 2898 *uxorem
1071 2827 1173 2900 etiam
1197 2799 1300 2902 adot-

354 2985 431 3060 terii
452 3008 552 3086 posse
582 3007 757 3072 accusare,
791 2982 998 3082 sepamtione
1025 2981 1113 3058 thori
1139 2998 1174 3058 et
1197 3009 1299 3060 meo-

355 3167 413 3218 sae
440 3168 507 3216 non
530 3154 664 3240 rogata,
693 3141 854 3214 articulus
872 3140 964 3214 onim
984 3139 1056 3216 536
1075 3139 1164 3220 cod.
1187 3145 1300 3223 Poen.

191 3289 195 3308 '
355 3298 439 3374 dicit
466 3299 627 3372 maritum
658 3310 790 3374 tantum
817 3294 1025 3372 adulterium
1054 3298 1166 3378 uxoris
1200 3321 1302 3397 posse
1414 3304 1419 3320 '

357 3453 553 3536 denuntiare
567 3481 580 3544 ς
604 3451 691 3534 illud
706 3467 819 3527 autem
834 3455 955 3528 inutile
969 3455 1057 3529 foret
1079 3455 1109 3528 si
1135 3457 1302 3532 accusatio

354 3620 488 3698 motum
513 3609 587 3686 fieri
609 3622 728 3711 posset
747 3610 913 3706 petitione
929 3611 1169 3710 separationis,
1194 3637 1297 3715 apem

356 3779 433 3844 tum
461 3767 555 3852 euim
581 3783 632 3846 est
655 3769 814 3850 maritum
841 3769 954 3850 solum
968 3770 1214 3872 separationem
1234 3795 1308 3873 poa

353 3933 428 4006 tem
449 3947 565 4023 posse.¹
1089 4023 1095 4032 .
1211 3926 1310 4025 §.64
