2880 4952
376 445 396 492 2
540 419 852 496 orssnamrro
897 419 1133 534 sunl-omn

362 627 575 701 matrimonia
609 627 796 720 inconsulte
839 641 873 704 et
908 631 1139 730 imprudenter
1177 644 1308 706 contra·

360 785 510 876 liuntur,
541 785 621 860 inde
638 784 857 861 dissentiones
885 787 1086 862 domesticae
1101 803 1191 863 ortae
1212 803 1309 882 sunt,

282 929 283 932 ¹
365 943 450 1016 adeo
483 956 521 1016 ut
547 967 619 1015 sese
639 943 787 1018 invicem
815 967 914 1042 saepe
941 944 1086 1020 saevitiis
1115 959 1149 1020 et
1178 947 1309 1042 injuriis

367 1098 531 1190 obruant,
550 1113 585 1174 et
611 1099 668 1174 illa
697 1099 887 1198 conjunctio
918 1102 1012 1198 cujus
1039 1101 1127 1198 finis
1141 1115 1210 1177 erat
1232 1128 1309 1176 am·
1349 1191 1351 1197 s

363 1255 486 1330 borum
522 1259 683 1346 felicitas,
729 1255 815 1331 adeo
855 1269 1003 1332 mutetur
1040 1271 1079 1332 ut
1116 1261 1184 1334 vita
1212 1285 1310 1334 com-

364 1413 477 1485 munis
516 1413 605 1486 facta·
634 1415 678 1486 sit
724 1413 953 1488 intolerabilis.
1004 1413 1175 1489 Officium
1203 1418 1307 1515 igitar

366 1569 564 1672 legislatoris
596 1586 646 1644 est
662 1569 714 1644 his
743 1567 942 1671 providereg
967 1577 1063 1672 eujus
1079 1575 1160 1650 mali
1174 1575 1307 1648 nullum

363 1727 456 1801 aliud
495 1728 686 1802 remedium
729 1729 848 1803 adesse
896 1729 1051 1822 videtur,
1099 1733 1164 1806 nisi
1213 1731 1308 1830 quod

364 1882 565 1980 conjugibus
589 1845 746 1974 'aeuus
761 1882 859 1958 detur
883 1883 1066 1960 divortium
1095 1885 1238 1962 faciendi
1256 1888 1307 1960 si-

365 2039 547 2122 ,veritam
576 2052 759 2140 separatam
784 2041 918 2141 agendi.
967 2041 1160 2116 Divertium
1190 2067 1307 2143 perse

365 2163 568 2298 spectatum·
591 2209 681 2272 certe
718 2199 851 2273 malum
895 2214 946 2271 est
991 2212 1064 2272 tum
1109 2199 1307 2298 conjugibus

361 2357 477 2460 ipsis,¹
503 2370 579 2429 tum
610 2358 727 2430 liberis
740 2384 750 2449 3
794 2356 1023 2466 adhibendum
1050 2372 1163 2432 tamen
1189 2373 1238 2433 est
1265 2373 1305 2434 ut

284 2583 285 2586 ,
363 2516 490 2610 maium
517 2514 603 2588 mala
630 2515 896 2612 praeveniantur.

370 2725 390 2747 ,«
409 2673 500 2748 cun
529 2686 645 2748 atatem
671 2673 727 2747 lex
753 2697 872 2746 omues
899 2673 1078 2772 religiones
1102 2675 1141 2748 in
1171 2675 1306 2750 civitate

363 2831 505 2908 uterere
538 2829 659 2904 debeat
670 2881 687 2921 ‚.
699 2819 786 2929 quae
810 2855 878 2904 oon
890 2829 1078 2916 [carturiae
1108 2855 1186 2906 sunt
1208 2831 1307 2906 bonis

364 2985 539 3077 moribus,
567 2983 792 3083 omnibusque
812 2985 943 3063 civibus
968 2989 1150 3086 aequaliter
1175 2991 1307 3076 muare,

363 3167 489 3244 eosque
513 3104 623 3235 tueri,
658 3143 985 3246 imperfectamque
1011 3147 1155 3222 maxime
1175 3145 1309 3240 ,injusta

364 3301 481 3376 luisset
519 3301 597 3390 ter,
642 3302 671 3374 si
708 3325 779 3373 aon.
815 3301 918 3375 etiam
942 3301 983 3374 iis
1005 3277 1307 3400 providisset,·qui

365 3456 579 3555 Religionem
598 3455 804 3536 catholicam
818 3458 1033 3557 profitentes,
1053 3458 1306 3536 matrimonium

334 3612 490 3690 uben
529 3615 702 3692 vacum
729 3615 973 3692 aureonno,
1000 3615 1077 3692 nn
1103 3616 1206 3722 iguo
1231 3587 1309 3690 ness

362 3768 498 3872 ligionis
534 3771 724 3854 Catholicae
756 3787 933 3854 sectatores
971 3773 1122 3852 remedio
1170 3771 1307 3852 diuortii

1256 3929 1307 4006 uti
