2880 4952
329 422 898 514 tNAUGURAuls.
1061 431 1086 504 5

137 626 186 700 uti
217 653 285 702 non
318 639 496 726 poterant,
535 640 571 702 ot
609 630 639 702 si
676 651 794 702 causae
824 627 960 702 divortii
984 629 1078 728 apud

137 785 213 858 illos
253 785 365 858 locum
399 783 591 876 habebant,
631 784 826 885 eligendum
860 786 901 862 iis
941 787 1082 878 finisset,

137 961 252 1022 utrum
295 947 420 1022 veilent
468 961 583 1020 contra
622 948 857 1022 conscientiam
893 947 1077 1024 divortium

138 1107 266 1196 ocare,
303 1132 346 1178 an
384 1129 523 1206 pergere
553 1107 590 1180 in
623 1106 750 1206 agenda
792 1107 860 1182 vita
904 1109 1081 1184 communi

139 1263 326 1336 miserrima
356 1275 391 1338 et
425 1261 578 1362 quotidie
618 1261 810 1336 domesticis
846 1259 932 1336 odiis
975 1276 1089 1362 atque.

143 1417 401 1492 dissentionibus
431 1419 623 1496 disturbata.
672 1418 773 1492 Hisce
795 1419 979 1494 rationibus
997 1443 1077 1492 mo-

141 1577 167 1650 ti
214 1590 304 1650 recta
346 1577 568 1677 legislatores
602 1574 695 1650 aliud
722 1574 970 1657 remediantis
1000 1577 1084 1650 itto-

140 1759 215 1808 rum
250 1737 398 1817 Pavorem
429 1733 705 1824 introduxerunt,
738 1734 864 1808 scilicet
891 1735 1081 1832 separatio·

142 1918 219 1964 nem
251 1891 337 1964 thori
371 1906 405 1966 et
445 1915 599 1980 mensae,
641 1917 707 1990 qua
740 1890 942 1990 conjugibus
976 1891 1081 1964 liceat

143 2055 319 2148 separatim
357 2051 492 2138 vivere,
536 2053 711 2124 vinculum
730 2026 849 2126 tamen
877 2049 1084 2123 matrimonii

143 2219 307 2282 remanet.
368 2205 471 2297 Quod
507 2219 618 2278 autom
661 2203 746 2276 iliud
791 2204 979 2278 remedium
1017 2229 1087 2278 non

141 2376 210 2436 tam
246 2361 361 2436 efficax
400 2385 513 2461 nequo
551 2374 619 2432 tam
657 2358 739 2432 utile
771 2357 815 2432 sit
844 2382 946 2452 quam
970 2357 1085 2432 ὠνου-

142 2522 231 2596 tium
258 2521 354 2592 facite
378 2531 488 2615 patet:
532 2517 678 2592 divortio
709 2517 960 2592 matrimonium
983 2541 1084 2590 rum-

141 2679 252 2777 pitur,
295 2675 503 2774 separatione
528 2673 617 2746 thori
642 2686 677 2746 et
694 2697 829 2746 mensae
849 2697 929 2746 vero
950 2685 1084 2746 tantum

142 2833 347 2908 cohabitatio
376 2829 596 2926 dissolvitur,
629 2844 663 2904 ot
680 2831 853 2906 vinculum
873 2829 1083 2904 matrimonii

48 3087 52 3094 ⁵
142 3007 312 3080 remanet,
336 2989 396 3062 sed
421 2988 505 3088 quid
524 3001 575 3064 est
593 2987 678 3062 illud
699 2987 871 3064 vinculum
889 3009 969 3060 cum
983 2986 1083 3083 (piiss

126 3179 210 3254 -que
242 3153 424 3248 conjugum
453 3145 633 3246 separatim
660 3144 774 3236 vivat,
807 3166 886 3214 cum
915 3140 1084 3218 bonorum

142 3307 336 3384 communio
368 3308 468 3402 etiam
498 3299 725 3380 dissolvatur?

190 3467 294 3542 Porro
323 3467 468 3541 divortio
504 3467 592 3539 sacto
629 3464 787 3563 conjuges
825 3485 922 3560 spem
951 3457 1078 3538 habant

143 3651 267 3701 novam
309 3623 576 3719 conjunctionem
613 3621 800 3721 legitimam
828 3619 966 3694 fortasse
996 3616 1082 3692 seii-.

142 3787 268 3860 ctorem
295 3781 453 3878 ineundi3
489 3755 636 3866 adhibita
659 3804 740 3854 vero
767 3777 974 3878 separatione
992 3773 1088 3872 thoriv

641 3935 672 4010 Α
698 3962 718 4010 2
1052 3939 1085 4002 et
