2880 4952
344 380 912 476 onanaontn1s
1053 391 1104 490 a

565 653 600 744 s·
651 619 712 726 a(

204 907 347 988 Maritus
380 907 514 984 efficere
535 923 659 1010 ‘potest
701 923 744 986 ut
772 909 912 986 effectos
935 907 1101 986 eoadem·

153 1068 300 1144 mtionis
328 1081 455 1157 cesset,
500 1065 530 1142 si
553 1067 637 1144 velit
660 1092 802 1144 utonem
820 1093 917 1142 suom
932 1069 1100 1169 recipere,

155 1224 251 1300 Art.
280 1225 363 1320 3⁰9·
410 1221 481 1296 Sed
513 1221 705 1322 quaeritur,
743 1247 786 1294 an
820 1221 882 1296 hac
905 1224 1102 1296 reconcilia·

157 1383 252 1458 tione
291 1381 489 1458 donationes
537 1381 612 1482 ipso
644 1382 717 1480 jure
751 1381 975 1458 reviviscant?
1016 1381 1101 1458 mihi

157 1539 300 1636 quidem
343 1539 499 1642 negando
545 1537 820 1639 respondendum
861 1538 1011 1632 videtur,
1067 1539 1098 1614 si

154 1700 250 1772 enim
294 1696 432 1772 donatio
474 1696 563 1771 inter
592 1695 747 1772 lioniines
782 1695 998 1772 matrimonio
1030 1722 1101 1774 non

156 1857 372 1954 conjunctos,
399 1852 447 1928 ob
470 1853 638 1955 ingratum
662 1854 815 1930 animum
841 1881 904 1956 per
930 1855 1099 1954 judicium

152 2027 310 2089 revocata
339 2013 407 2102 sit,
436 2037 498 2110 pen
527 2013 833 2088 reconciliationem
863 2039 933 2086 non
955 2013 1101 2090 revivis-

35 2189 37 2192 ’
156 2183 223 2246 cot.
271 2169 446 2244 Praeterea
477 2193 588 2268 neque
611 2169 807 2247 oommnnio
834 2167 1002 2242 bonoram
1024 2193 1094 2244 reo.

153 2331 313 2420 titnitnr,
341 2315 496 2428 adeoqne
514 2327 622 2402 multo
643 2326 755 2411 minus
772 2324 980 2404 donationes.
1027 2327 1098 2405 seo
1148 2343 1151 2354 ¹

153 2487 211 2560 si'
227 2485 364 2560 donatio
398 2511 487 2583 qnae
512 2486 598 2558 facta
629 2497 699 2558 erat
724 2497 902 2560 eontracta
929 2485 1098 2586 nuptiali,

153 2665 313 2744 expresse
343 2653 542 2732 renovatur,
573 2667 616 2716 on
645 2655 718 2716 tum
741 2644 774 2716 ei
805 2641 1023 2743 applicandus
1048 2657 1099 2720 ost

153 2801 247 2876 Art.
297 2797 389 2896 1096
430 2796 491 2897 qui
541 2795 624 2874 dicit
663 2797 859 2876 donationes
890 2815 998 2878 stante
1020 2828 1099 2876 ma·

154 2957 314 3035 tn'monio
338 2957 439 3032 factas
469 2979 569 3052 posse
598 2957 771 3044 oenomai,
798 2957 854 3032 vel
882 2959 975 3034 Art.
1007 2959 1099 3052 1395

155 3115 217 3214 qui
248 3111 330 3188 dicit
370 3111 566 3187 donationes
610 3123 781 3188 contractu
818 3091 961 3212 nuptiali
995 3114 1096 3189 factas

20 3283 26 3304 ’
154 3270 305 3348 revocari
334 3295 403 3346 non
428 3294 549 3372 posse,
577 3268 735 3371 adeoque
749 3297 834 3348 num
856 3285 908 3347 est
927 3270 1010 3348 haec
1028 3271 1095 3350 do·

154 3429 248 3504 natio
263 3427 464 3506 revocabilis
484 3429 630 3505 annonl
653 3417 739 3507 Mili
758 3432 898 3533 quidem
918 3433 1094 3510 retumbi-

150 3585 196 3662 lis
230 3583 385 3677 sidetana
431 3611 512 3661 nam
551 3605 662 3690 ‘quum
685 3591 764 3691 ipso
790 3591 863 3688 jure
883 3613 944 3690 per
970 3611 1094 3666 reoon·

147 3741 354 3818 ciliationem
384 3769 452 3819 non
492 3728 689 3834 reviviscat,
730 3745 822 3824 nulla
847 3746 1007 3850 obligatio
1037 3758 1089 3820 est

475 3935 479 3968 ι
632 3905 711 3982 ΕΞ
1011 3923 1096 3974 con·
