2880 4952
359 411 408 467 ια
528 383 845 466 DISSERTATIO
895 387 1114 468 JURIDICA

360 591 454 694 quod
475 603 613 668 tantum
637 595 826 672 admittitur
852 611 890 670 ut
917 599 1026 695 majus
1051 595 1179 670 malum
1198 621 1301 695 prae·
1430 567 1431 642 Ῐ

363 755 537 844 veniatur3
567 754 708 828 familias
737 756 829 828 enim
860 755 1001 845 dividit,
1035 754 1148 830 liberis
1181 767 1300 846 nocet,

360 923 426 988 etc.
473 910 613 986 ludices
637 911 742 1010 igitur
767 911 920 984 medium
947 924 1064 984 tenere
1094 909 1220 984 debent
1241 911 1300 984 in-

362 1082 415 1140 ter
439 1069 581 1140 nimiam
607 1067 802 1142 facilitatem
837 1082 872 1143 et
908 1074 1134 1144 severitatem.
1180 1068 1303 1142 Caete-

360 1251 438 1300 rum
462 1239 597 1325 oportet
616 1249 678 1300 eos
705 1225 852 1299 maxime
878 1226 1041 1298 rationem
1077 1224 1199 1298 habere
1222 1249 1299 1325 per·

359 1405 520 1456 »sonarum
550 1397 585 1457 et
621 1397 752 1457 rerum}
805 1384 894 1458 Nam
929 1408 964 1458 v.
993 1405 1034 1482 g.
1072 1382 1192 1480 injuria
1224 1383 1304 1456 satis

363 1541 476 1639 gravis
518 1562 592 1613 esse
626 1551 737 1639 potest
771 1540 801 1614 si
824 1540 908 1614 facta
938 1541 982 1614 sit
1001 1541 1097 1614 uxori
1124 1539 1302 1630 honestae,

361 1701 434 1770 non
455 1710 570 1772 nutem
598 1697 626 1772 si
654 1697 807 1774 iactauit
836 1697 932 1772 uxori
952 1723 1040 1798 quae
1066 1697 1172 1772 malos
1189 1721 1304 1772 mores

363 1851 490 1940 liabet3
535 1865 570 1924 et
605 1853 690 1925 faeta
725 1876 812 1950 quae
834 1877 902 1927 non
937 1853 1104 1926 sufficiant
1129 1851 1173 1925 ad
1201 1875 1305 1950 sepa·
1430 1871 1431 1924 t

361 2008 504 2084 rendum
547 2009 708 2110 conjuges
742 2007 880 2084 infimae
918 2009 1055 2102 classis,
1088 2011 1167 2084 satis
1190 2011 1302 2112 gravia
1430 2037 1431 2118 g

363 2194 437 2244 esse
470 2183 612 2270 possunt
641 2182 681 2244 ut
715 2170 782 2246 sint
820 2193 920 2244 causa
960 2169 1178 2270 separationis
1213 2169 1300 2242 inter

363 2327 523 2424 conjuges
545 2325 693 2400 melioris
722 2287 947 2414 conditionis3
980 2324 1031 2397 illi
1059 2349 1169 2396 mores
1191 2322 1303 2395 iocul-

364 2493 418 2554 tus
440 2466 566 2554 habent
592 2492 627 2554 et
649 2482 717 2576 jam
744 2505 765 2553 a
793 2479 905 2578 prima
929 2478 1067 2553 infantia
1085 2478 1210 2552 assueti
1226 2491 1304 2552 sunt

366 2636 514 2709 sermoni
544 2637 644 2752 rudi,
674 2636 769 2736 quod
790 2638 932 2711 minime
967 2637 1066 2726 dico,
1097 2639 1193 2734 quasi
1228 2662 1306 2708 ma-

367 2773 523 2891 gistratus
549 2793 644 2866 illem
670 2791 881 2866 utilissimam
897 2791 1037 2864 classem
1055 2790 1200 2864 debeant
1219 2816 1305 2864 eon·

368 2959 518 3025 temnere
553 2961 588 3022 et
625 2947 753 3046 juribus
787 2948 857 3024 suis
889 2948 1045 3048 privare3
1095 2947 1156 3020 sed
1197 2973 1305 3046 quum
1428 3037 1429 3050 ἵ

369 3110 561 3186 remedium
586 3111 803 3211 separationis
833 3109 956 3201 detur,
995 3108 1130 3206 quando
1170 3108 1307 3182 ulterior

370 3263 572 3344 sohabiutio
606 3264 690 3339 lacta
719 3265 764 3339 sit
805 3263 1047 3356 intolerabilis,
1084 3261 1307 3362 exquirendae

370 3433 449 3494 sunt
489 3447 608 3495 causae
650 3446 736 3522 qnae
779 3444 856 3494 eam
895 3419 997 3493 talem
1039 3418 1206 3508 reddunt;
1246 3417 1308 3490 hae
1427 3435 1428 3480 t

371 3588 485 3649 autem
531 3575 680 3652 diversae
720 3589 799 3651 sunt
833 3600 895 3674 pro
932 3575 1033 3652 variis
1078 3577 1229 3675 personis
1272 3589 1307 3648 et

370 3733 647 3830 molitionibus,
679 3747 714 3809 et
738 3734 853 3808 infima
876 3731 972 3833 plebs
995 3734 1160 3811 continuis
1181 3735 1307 3810 labori-
