2880 4952
332 377 901 468 INAUGURA'LIS.
978 453 985 464 ,
1043 379 1095 460 '15

149 593 215 672 irus
242 593 428 696 qnamdam
458 595 627 696 apathiam
665 594 850 682 moralem,
888 601 928 666 ut
964 589 1012 664 ita
1036 587 1096 664 dis

150 777 250 842 cam,
284 750 501 842 contrahunt,
541 775 727 852 eorumque
752 749 886 824 unimus
919 771 988 821 non
1023 757 1095 820 tam

152 909 250 986 facile
275 923 493 1010 permovetur
523 922 558 983 et
588 908 766 986 cruciatur.

181 1066 275 1140 ›Alia
304 1066 404 1140 etiam
432 1079 483 1140 est
525 1089 623 1140 causa
655 1063 871 1165 separationis
908 1085 994 1162 quae
1031 1058 1098 1132 huc

153 1221 327 1297 referenda
351 1233 426 1311 est,
461 1221 620 1320 ‚quamvis
658 1247 726 1294 non
754 1218 930 1320 speciatim
958 1218 994 1290 in
1024 1217 1100 1316 lego

157 1379 377 1481 exprimitur,
399 1379 471 1456 scil.
495 1378 683 1456 calumniat
718 1379 769 1452 Ea
787 1377 880 1452 euim
900 1375 1007 1450 honor
1030 1399 1113 1474 quo*

158 1535 313 1638 plerique
331 1533 484 1611 homines
511 1533 596 1610 nihil
615 1535 728 1634 potius
753 1533 898 1618 hahent,
917 1531 1077 1606 adimitur
1083 1555 1101 1623 3

159 1705 195 1766 et
227 1713 342 1768 nonne
369 1689 438 1768 vita
461 1692 562 1791 plane
588 1689 806 1766 intolerabilis
837 1699 888 1762 est
912 1711 991 1762 cum
1018 1711 1116 1761 con·-

157 1854 239 1951 juge
263 1853 323 1951 qui
355 1851 498 1924 alterum
525 1850 661 1926 infamia
693 1846 832 1922 obruit?
880 1844 1008 1920 Tribus
1035 1869 1104 1944 po·

160 2011 331 2085 tissimum
373 2007 484 2085 modis
524 2007 690 2082 calumnia
715 2009 846 2120 'locum
880 2005 1007 2080 habere
1036 2029 1120 2105 po·-

165 2178 247 2240 testa
275 2175 329 2240 1⁰.
359 2189 421 2262 per
445 2167 691 2237 accusationem
720 2163 913 2257 judicialem
935 2162 1105 2250 criminis,

168 2333 224 2399 π’.
245 2346 307 2422 per
327 2319 461 2395 libellos
478 2319 645 2407 famosos,
666 2329 724 2390 aut
752 2341 815 2415 per
837 2341 1028 2407 sermones,
1044 2317 1106 2392 5⁰.

166 2503 229 2577 per
258 2478 441 2552 delationes
465 2475 622 2551 occultas.
670 2474 737 2548 Vix
761 2498 847 2573 opus
868 2485 919 2548 est
944 2471 1108 2574 probare,

168 2635 347 2733 conjugem
377 2631 438 2731 qui
468 2656 506 2704 se
532 2630 692 2730 purgavit
716 2629 761 2704 de
780 2630 988 2704 accusatione
1013 2633 1110 2732 capi-

166 2789 225 2862 tali
249 2788 304 2864 vel
338 2785 530 2876 infamanti,
562 2785 595 2858 ci
622 2783 665 2858 ab
692 2785 797 2860 altero
829 2785 964 2888 conjugi
994 2787 1108 2860 inten-

165 2961 256 3038 tata,
278 2949 331 3044 jus
357 2943 480 3019 habere
498 2945 676 3044 separatim
703 2943 865 3036 vivendi3
890 2946 946 3018 tex
970 2943 1125 3046 quidem*

167 3104 258 3178 hunc
286 3127 400 3176 casum
436 3122 590 3198 expresse
623 3123 692 3170 uon
718 3097 896 3188 definivit,
929 3099 1110 3194 sedlnulla

169 3259 240 3338 fere
259 3273 309 3333 est
328 3258 467 3336 saevitia
491 3258 550 3334 vel
570 3277 728 3330 excessus
746 3255 805 3354 qui
822 3261 1005 3355 comparari
1024 3284 1111 3360 pos.

172 3417 218 3492 sit
253 3441 332 3492 cum
365 3415 485 3513 injuria
520 3413 692 3513 conjugis,
723 3415 784 3514 qui
827 3427 919 3512 tanto
953 3413 1034 3501 odio
1072 3420 1111 3492 in
1235 3510 1240 3520 ,

171 3571 316 3646 alterum
346 3573 500 3646 incensus
537 3583 588 3644 est
625 3583 664 3644 ut
701 3595 770 3674 non
800 3569 934 3649 dubitet
966 3577 1003 3651 in
1030 3601 1111 3650 eum

174 3729 417 3808 accusationem
451 3729 690 3806 calumniosam
723 3729 918 3825 intendere,
956 3759 1022 3833 qua
1059 3735 1110 3828 illi
1188 3711 1191 3715 .

661 3891 690 3964 Β
714 3895 738 3968 5
1046 3895 1110 3966 lto·
