2880 4952
331 389 403 478 ·ψῶ
531 394 845 476 DISSERTATIO
896 401 1117 478 JURIDIGA

356 610 417 710 qai
439 620 519 684 tunc
543 622 659 709 optare
692 607 856 686 deberent
878 621 992 722 atrum
1020 609 1146 686 vellent
1172 632 1297 684 secun-

353 765 438 840 dnm
463 766 701 841 conscientiam
725 791 825 866 agere
854 793 896 840 an
927 765 1103 842 commoda
1130 767 1294 843 amittere.
1428 765 1429 768 ’

337 923 395 1000 ’ὃί
423 939 541 1000 entem
577 925 614 998 in
646 948 783 998 causam
819 925 1038 1000 revocationis
1076 924 1294 1006 donationum
1429 998 1430 1032 ¹

335 1081 583 1180 -anummus,
615 1080 807 1157 vicesimas
832 1105 906 1156 eam
935 1105 1003 1155 non
1027 1081 1141 1156 tonum
1170 1081 1294 1154 tatere

217 1274 222 1280 ·
349 1236 430 1336 'qnia
456 1235 640 1314 divortium
662 1237 915 1313 matrimonium
941 1237 1112 1330 dissolvit,
1145 1253 1180 1314 et
1198 1239 1292 1340 quod

346 1397 425 1473 ittae
445 1397 639 1472 donationes
660 1399 841 1474 consistere
862 1423 928 1472 non
950 1411 1091 1498 possunt
1113 1398 1291 1473 matrimo-
1430 1415 1431 1486 ἕ

335 1555 405 1628 nio
428 1554 610 1646 dissoluto;
636 1581 714 1630 narn
740 1570 822 1632 tnnc
843 1579 960 1630 omnes
987 1555 1184 1632 donationes
1214 1557 1290 1656 pla·

345 1731 390 1783 ne
412 1714 547 1788 v‘nullae
585 1738 660 1788 esse
699 1715 878 1806 deberent,
911 1723 1060 1790 attamen
1106 1713 1290 1790 subsistunt

332 1865 472 1939 :ratione
494 1868 648 1967 conjugis
683 1867 895 1957 innocentis;
930 1869 1035 1967 igitar
1063 1894 1160 1942 causa
1189 1868 1289 1944 vide·-
1431 1841 1432 1900 i

337 2015 397 2096 'tur
428 2045 500 2095 esse
533 2023 683 2120 ingratus
720 2025 854 2098 animus
899 2023 1084 2115 donatarii,
1123 2025 1183 2125 qni
1220 2023 1288 2096 illis

341 2176 440 2254 factis
467 2177 514 2251 ob
548 2205 635 2278 qnae
657 2179 840 2256 divortium
863 2159 1122 2280 pronunciatum
1142 2193 1214 2269 est,
1234 2203 1286 2250 sa-

336 2337 386 2410 ·tis
404 2334 574 2438 probatur.
623 2336 692 2412 Sed
711 2363 791 2412 eum
817 2362 937 2412 causae
967 2337 1102 2412 divortii
1131 2349 1165 2409 et
1188 2359 1324 2434 sepa..
1432 2323 1433 2330 '

302 2462 481 2570 xrationis
517 2493 605 2568 thori
636 2506 672 2568 et
707 2517 843 2567 mensae
869 2493 1008 2570 eaedem
1032 2495 1118 2585 sint,
1151 2491 1290 2568 eosdem

341 2651 481 2726 effectus
518 2652 706 2750 producere
738 2651 882 2742 debent,
917 2678 995 2726 nam
1022 2653 1052 2726 ts
1083 2652 1143 2748 qui
1176 2651 1290 2728 saevi·

346 2809 401 2883 tiis
430 2805 627 2910 injuriisque
660 2809 774 2882 locum
800 2807 858 2881 det
884 2771 1100 2907 separitioni,
1130 2833 1200 2882 non
1219 2809 1288 2882 mi·-

341 2992 409 3042 nas
438 2969 588 3068 ingratus
620 2978 676 3042 est
705 2977 810 3067 quarn
839 2966 890 3058 is,
931 2966 991 3066 qui
1014 2967 1127 3041 locum
1152 2965 1211 3041 dat
1234 2967 1288 3042 di·

345 3129 480 3220 sorti03
505 3151 585 3204 eum
613 3138 745 3202 tantum
761 3124 804 3198 ab
829 3125 991 3200 electione
1014 3125 1165 3226 conjugis
1186 3107 1289 3202 inno?

339 3287 452 3362 centis
480 3285 631 3386 pendat,
659 3297 775 3363 nunna
794 3283 878 3364 velit
902 3282 1088 3364 fflvorfinm
1113 3311 1158 3360 an
1190 3309 1292 3390 sepa·-

338 3441 506 3518 rntionem
530 3458 658 3544 petere.

345 3662 350 3670 .
395 3601 504 3680 Nobis
531 3601 672 3703 quidem
700 3616 877 3704 opponant
900 3602 1077 3678 articulum
1105 3601 1176 3702 959
1200 3603 1288 3682 cod.

350 3757 431 3844 Cio.
466 3757 641 3851 dicentes,
683 3761 782 3840 itum
811 3741 993 3840 varticulant
1020 3765 1210 3864 generalem
1233 3792 1292 3842 rs·

1222 3951 1290 4031 su·
