2880 4952
359 403 408 458 ια
529 375 845 458 mssuuttuto
895 379 1115 459 JURIDICA

360 581 454 684 quod
475 594 613 660 tantum
637 587 826 664 admittitur
852 603 891 662 ut
917 591 1027 687 majus
1051 588 1179 662 molum
1199 613 1301 688 prae-

364 746 538 834 veniatur;
567 745 709 820 familias
737 747 829 820 enim
860 746 1002 837 dividit,
1035 747 1148 821 liberis
1181 759 1300 838 uocet,

360 913 426 978 eta.
473 903 496 976 J
498 901 613 977 udices
637 903 742 1001 igitur
767 903 920 976 medium
948 916 1065 976 tenere
1094 901 1220 976 debent
1241 904 1300 976 in-

362 1072 415 1132 ter
439 1060 581 1132 nimiam
608 1059 802 1133 facilitatem
837 1073 872 1134 et
908 1065 1134 1136 severitatem.
1179 1060 1303 1134 Caete-

360 1242 438 1290 rum
462 1231 597 1316 oportet
617 1240 678 1291 eos
705 1216 853 1290 maxime
878 1217 1041 1290 rationem
1077 1216 1199 1290 habere
1222 1241 1300 1317 per·
1429 1207 1430 1214 '

361 1396 520 1448 sonarum
550 1388 585 1448 et
621 1389 752 1448 rerum}
805 1375 894 1449 Nam
929 1399 963 1450 v.
992 1397 1034 1473 g.
1072 1375 1192 1472 injuria
1224 1375 1304 1448 satis

362 1533 476 1630 gravis
518 1555 592 1604 esse
625 1543 737 1630 potest
771 1532 801 1606 si
824 1531 908 1605 facta
938 1533 982 1605 sit
1001 1533 1097 1606 uxori
1124 1531 1301 1622 honestae,
1429 1531 1430 1554 ¹

361 1693 434 1760 non
455 1701 570 1762 antem
597 1689 626 1763 si
654 1690 739 1764 loeta
763 1689 807 1763 sit
836 1689 932 1764 uxori
952 1714 1040 1790 quae
1066 1689 1172 1764 melos
1188 1713 1303 1764 mores

362 1842 489 1932 habet3
534 1856 570 1915 et
605 1845 689 1916 facta
725 1867 811 1942 quae
834 1869 902 1919 non
936 1844 1103 1917 sufficiant
1129 1843 1173 1916 ad
1201 1869 1304 1943 sepa-

361 1999 503 2074 randum
547 2001 707 2100 conjuges
741 1998 880 2074 infimae
918 2001 1055 2093 classis,
1088 2003 1167 2076 satis
1190 2003 1302 2104 gravia

362 2185 436 2234 esse
469 2174 611 2260 possunt
641 2173 680 2236 ut
715 2161 781 2238 sint
820 2185 920 2234 causa
960 2161 1177 2261 separationis
1213 2161 1299 2234 inter

363 2318 522 2414 eonjuges
545 2316 693 2391 melioris
721 2279 947 2405 conditionis3
980 2316 1031 2388 illi
1059 2341 1169 2387 mores
1190 2314 1303 2387 incol-

364 2483 417 2544 tus
440 2456 565 2544 habent
591 2483 626 2545 et
649 2473 716 2568 jam
744 2497 765 2544 a
793 2471 904 2570 prima
929 2470 1067 2545 infantia
1085 2471 1210 2544 assueti
1226 2483 1304 2544 sunt

365 2627 513 2700 sermoni
543 2627 644 2744 rudi,
674 2627 768 2726 quod
789 2630 931 2702 minime
967 2628 1065 2718 dico,
1097 2631 1192 2726 quasi
1228 2654 1306 2700 ma-

367 2763 523 2880 gistratus
549 2783 643 2856 illam
670 2782 881 2856 utilissimam
897 2781 1037 2856 classem
1055 2781 1200 2856 debeant
1219 2809 1305 2856 con.

368 2948 517 3014 temnere
552 2951 587 3012 et
625 2937 752 3036 juribus
787 2939 856 3014 suis
888 2939 1044 3040 privare3
1095 2938 1156 3012 sed
1197 2967 1305 3038 quum

368 3099 561 3176 remedium
585 3101 802 3201 separationis
832 3100 956 3192 detur,
995 3099 1130 3198 quando
1169 3099 1307 3174 ulterior

370 3253 571 3332 cohabitatio
605 3254 690 3329 facta
719 3256 763 3329 sit
805 3254 1047 3348 intolerabilis,
1083 3253 1306 3354 exquirendae

369 3423 449 3484 suut
489 3435 607 3484 causae
649 3436 735 3511 quae
778 3435 855 3484 eam
894 3410 997 3484 talem
1038 3409 1206 3500 reddunt3
1245 3409 1307 3482 hae

370 3578 484 3640 autem
530 3565 680 3642 diversae
719 3578 798 3640 sunt
832 3591 895 3664 pro
931 3565 1032 3642 variis
1077 3569 1228 3666 personis
1271 3581 1306 3640 et

369 3723 646 3820 oonditionibus,
678 3736 713 3799 et
737 3723 852 3799 infima
875 3722 971 3824 plebs
995 3725 1159 3802 continuis
1180 3727 1306 3802 labori-

1249 3888 1313 3960 bus
