2880 4952
268 433 894 540 ‘rrtruounrurs
1047 458 1097 534 ss

148 668 266 769 gnlom
301 669 493 760 continere,
534 671 630 768 cujus
657 669 812 770 exceptio
833 667 1031 770 proponitur
1057 664 1094 738 in

148 826 245 903 Art.
285 850 367 926 299·
426 821 497 904 Sed
526 830 596 928 jam
628 827 877 918 demonstravi,
915 839 1091 938 utputo,

147 985 327 1060 articulum
363 1007 434 1084 ²99
465 986 568 1060 enam
596 986 798 1088 separationi
820 983 910 1060 thori
939 996 974 1058 et
991 1010 1091 1058 men-

148 1165 207 1218 sus
237 1141 363 1218 debers
391 1143 564 1242 applicari.
611 1144 657 1218 Et
684 1155 855 1243 praeterea
879 1143 938 1216 ille
966 1143 1093 1216 articu-

151 1299 206 1374 lus
233 1300 306 1395 959
332 1298 465 1374 videtur
495 1311 626 1371 tantum
660 1298 882 1408 applicandus
898 1298 1092 1373 donationi-

154 1449 220 1531 bus
262 1482 351 1556 quae
386 1456 589 1557 conjugibus
615 1483 635 1530 a
662 1457 862 1558 'parentibus
892 1457 950 1534 vel
982 1471 1095 1532 extra·

154 1615 227 1690 neis
257 1617 362 1690 factae
380 1627 479 1706 sunt3
516 1615 603 1690 illud
633 1617 725 1690 enim
755 1615 940 1715 significare
974 1615 1096 1691 viden.

152 1783 212 1848 tur·
239 1769 341 1848 verba
380 1795 427 1844 en
455 1771 596 1868 favour
625 1775 671 1845 de
705 1774 905 1868 mariage,·
933 1773 1096 1871 injustum

153 1929 246 2004 enim
268 1929 353 2006 foret
372 1929 544 2030 ingratum
570 1931 722 2004 animum
749 1929 848 2004 unius
869 1931 1021 2031 conjugis
1038 1955 1096 2004 er-

154 2111 199 2187 ga
224 2086 441 2176 donatorem,
461 2089 557 2166 alteri
584 2091 720 2188 conjugi
751 2101 785 2162 et
809 2087 923 2162 liberis
948 2113 1095 2178 nocem

155 2243 218 2320 sed
249 2242 418 2344 quidquid
448 2243 517 2332 sit,
544 2244 573 2316 si
599 2243 697 2319 aliter
726 2243 925 2344 intelligitur
954 2255 1043 2316 certe
1066 2245 1099 2319 ei

154 2405 311 2503 exceptio
333 2406 419 2478 tacu
443 2416 493 2476 est
517 2399 658 2476 articulo
685 2425 766 2498 299.

206 2557 313 2632 Porro
337 2559 374 2630 in
405 2560 498 2634 Art.
526 2557 617 2632 1518
640 2561 805 2658 separatio
826 2559 1027 2634 assimilatur
1043 2559 1100 2634 die·

159 2713 289 2804 nonio,
325 2714 438 2815 quoad
467 2715 544 2812 jor,
575 2714 669 2814 quod
691 2717 812 2813 conjux
838 2705 904 2816 qul
914 2714 1101 2794 divortium

159 2873 216 2948 vel
245 2873 490 2973 separationem
526 2873 747 2976 impetravit,
785 2876 907 2950 retinet
936 2875 975 2948 iu
1004 2845 1101 2952 oom-¹

157 3033 260 3126 moda
282 3057 369 3134 quae
401 3033 433 3106 ei
461 3032 625 3132 promissa
649 3032 790 3106 demum
818 3033 887 3107 sint
904 3032 935 3105 si
953 3031 1098 3133 ¹conjugi

158 3193 292 3270 nocenti
315 3193 545 3292 supervixerit.

208 3349 387 3424 Caeterum
406 3375 448 3428 ex
472 3351 635 3425 contraria
664 3349 826 3425 sententia
842 3347 1025 3450 proflueret
1041 3349 1099 3425 in·

160 3509 285 3610 justitia
310 3511 509 3600 manifesta3
544 3532 669 3609 nempe
692 3512 813 3609 conjux
838 3532 983 3601 nocens,
1014 3535 1099 3584 con-

158 3684 209 3744 tra
244 3695 350 3772 qoem
382 3670 547 3771 separatio
584 3668 760 3770 impetrata
789 3679 862 3757 est,
896 3679 1008 3768 potest
1041 3688 1100 3740 ses

155 3823 308 3904 cundum
330 3817 419 3903 Aru
445 3831 516 3905 510
540 3839 620 3929 post
647 3826 780 3927 lapsum
808 3825 911 3902 trium
935 3847 1100 3899 annorum

718 3981 749 4054 E
1045 3977 1104 4056 di-
