2880 4952
308 410 913 521 ¹nnetnounnnls.
1055 415 1107 492 55

164 629 288 718 mente·
301 614 344 690 eb
363 618 467 692 attero
492 621 639 722 conjuge
669 617 803 718 exigere
831 633 961 722 potest,
975 623 1103 698 ratione

162 773 274 850 habito
302 775 454 850 fortunae
480 776 642 878 conjugis.
694 778 870 872 Quantitas
896 793 1008 855 antem
1035 781 1100 856 dc-

158 931 366 1046 ternninettda
399 945 450 1008 est
478 960 498 1006 n
532 934 730 1028 totietas,
763 935 854 1010 Art.
878 939 963 1013 ὕοι.
1010 936 1100 1014 Cum

156 1061 271 1164 autent
310 1088 518 1190 separatione
548 1091 804 1168 matrimonium
840 1119 909 1168 non
935 1091 1104 1172 dissolve·

157 1261 233 1339 tur,
260 1246 395 1324 videtur
426 1249 529 1324 etiam
554 1251 676 1349 conjux
705 1276 831 1325 nocens
858 1251 902 1323 ab
925 1253 1102 1327 innocente

156 1405 316 1482 alimento
332 1505 335 1514 ‚
353 1421 469 1508 petere
504 1431 626 1507 posse;
669 1407 735 1483 hoc
757 1435 834 1484 ensu
861 1434 942 1486 vero
970 1409 1100 1509 jndices

159 1563 274 1638 minus
300 1565 412 1638 faciles
442 1588 516 1640 eese
544 1565 669 1640 debent
690 1567 725 1640 in
750 1567 791 1640 iis
821 1565 1058 1646 concedendis.

567 1884 598 2016 ᾗ.
645 1883 679 1958 5.

158 2248 161 2257 -
204 2199 262 2277 5⁰.
311 2157 473 2293 Quodsi
506 2200 671 2298 separatio
698 2199 801 2298 petite
826 2201 871 2274 sit
894 2198 939 2272 oh
963 2223 1096 2274 cansam

156 2357 310 2432 adulterii
339 2357 472 2448 uxoris,
508 2354 610 2430 debet
636 2354 756 2428 eodem
782 2353 928 2454 jndicio,
959 2368 1098 2455 petente

155 2514 345 2588 ministerio
369 2511 525 2612 publico,
557 2511 774 2586 condemnari
803 2512 846 2586 ed
865 2513 1096 2588 detentionem

153 2673 190 2748 in
215 2674 323 2744 domo
347 2695 476 2770 quaec
501 2669 733 2764 corrigendis
758 2664 952 2744 hominibus
971 2695 1097 2746 nomen

153 2827 276 2919 tibet,
298 2853 385 2926 quac
411 2826 561 2902 detentio
586 2851 697 2927 neque
723 2827 834 2902 minor
861 2828 968 2902 tribus
993 2853 1119 2902 men·¹

154 2987 250 3062 sibus
290 3011 401 3088 neque
444 2985 578 3086 longior
604 2983 739 3058 duobus
763 2983 858 3056 annis
887 3009 959 3058 esse
981 2997 1094 3083 potest

152 3149 244 3223 Art.
279 3149 362 3221 508.
419 3143 509 3218 Cum
535 3155 651 3216 notem
679 3139 914 3216 condemnatio
940 3141 998 3214 fiet
1027 3165 1093 3240 pc·

153 3316 247 3378 tente
275 3301 460 3375 ministerio
483 3297 642 3400 publico,
659 3323 744 3372 uxor
773 3321 908 3398 semper
925 3297 1092 3374 condem.

153 3459 224 3532 nori
254 3458 356 3533 debet
386 3457 515 3532 etiamsi
546 3456 685 3532 meritos
716 3455 802 3530 illud
834 3481 902 3529 non
930 3461 1089 3556 exigeret.

199 3619 305 3692 Recte
328 3631 442 3690 autem
458 3615 628 3718 legislator
652 3593 778 3690 tentam
804 3615 1015 3692 latitudinem
1034 3621 1093 3710 ιἰι*Ι

149 3773 283 3852 ‹tietbn
313 3771 407 3850 dedit
434 3771 470 3870 in
496 3797 606 3874 poena
633 3771 907 3867 determinanda,
944 3786 982 3850 nt
1006 3797 1091 3874 pos-
1174 3829 1176 3833 -

614 3953 617 3964 ·
637 3927 668 4002 E
691 3951 713 4003 e
1025 3925 1095 4000 sint
