2880 4952
373 427 417 496 ,ο
549 394 857 478 orssnnrarro
905 397 1136 476 seniores.

370 602 493 676 terium
536 611 668 674 tantum
701 625 797 674 musa
842 616 892 677 est
926 603 971 676 ob
1005 611 1107 704 quam
1140 602 1313 703 impetrari

373 771 510 860 potestt
541 757 727 836 absurdum
754 769 868 834 autern
889 757 1047 851 ridetur,
1069 759 1314 858 separationem

371 934 488 1018 petere
516 919 651 1020 quando
678 920 817 993 maritus
842 923 910 1014 jam
941 930 1092 992 mortuus
1106 921 1159 991 sit.
1208 915 1316 995 Nobis

380 1103 470 1153 vero.
501 1077 634 1155 videtur
673 1075 760 1151 illud
798 1080 852 1177 jus
893 1076 1093 1152 haeredibus
1130 1077 1318 1150 etiamnum

371 1249 586 1338 competere3
609 1250 701 1336 patet
729 1237 823 1310 enim
852 1261 892 1310 ex
917 1235 1065 1310 articulis
1087 1233 1158 1310 556
1185 1247 1221 1308 et
1244 1237 1316 1330 559

375 1393 521 1474 Codicis
539 1395 731 1482 Poenalis,
757 1394 916 1466 maritum
934 1417 1036 1491 posse
1059 1415 1200 1466 uxorem
1212 1391 1315 1465 adul·-

371 1552 448 1624 tait
473 1575 648 1644 accusare,
680 1555 857 1625 ettamen
887 1549 1133 1650 separationem
1162 1575 1230 1624 non
1249 1574 1313 1648 pe-

371 1720 465 1790 tcrer
506 1707 660 1808 adeoque
692 1723 783 1780 extat
819 1709 907 1782 actio
958 1707 1113 1782 adulterii
1144 1707 1310 1804 specialis.

369 1865 477 1938 Porro
508 1866 600 1940 Art.
631 1868 703 1963 517
737 1867 825 1936 Ood.
868 1866 945 1939 Cir.
978 1863 1180 1938 haeredibus
1207 1867 1316 1938 sacul-

368 2034 475 2096 tatem
503 2021 562 2096 dat
594 2024 758 2096 infantem
784 2023 974 2125 legitimum
1003 2045 1127 2123 negare
1157 2024 1318 2097 omnibus

367 2181 500 2256 casibus
527 2179 653 2282 quibus
669 2182 808 2256 maritus
822 2181 908 2256 illud
931 2183 1038 2257 facere
1053 2196 1186 2281 potest,
1205 2183 1313 2256 adeo-

370 2363 437 2438 que
470 2339 573 2412 etiam
604 2341 641 2411 in
684 2363 763 2412 casu
796 2338 979 2415 adulterii:
1010 2340 1075 2412 hoc
1101 2363 1178 2412 casu
1199 2341 1306 2437 igitur

369 2465 463 2566 certe
479 2492 681 2599 admittendi
704 2494 844 2568 suntad
864 2494 1077 2595 probandum
1097 2496 1313 2575 adulterium.

366 2651 548 2756 Caeterum
588 2651 671 2724 haec
700 2655 890 2748 persecutio
919 2655 1060 2727 actionis
1088 2655 1131 2726 ab
1156 2655 1310 2732 haeredi·

367 2810 433 2886 hus
459 2822 588 2907 spectat
613 2793 745 2880 tantum
776 2808 967 2906 pecuniam.

413 2965 524 3065 Quod
552 2967 581 3039 si
614 2968 756 3040 maritus
783 2967 1004 3042 concubinam
1032 2967 1067 3040 iu
1088 2967 1191 3043 domo
1212 2995 1312 3044 com-⁶

367 3129 464 3202 muni
511 3126 654 3217 habuit,
688 3128 931 3225 separationem
958 3141 1073 3226 potere
1104 3152 1172 3203 non
1199 3143 1311 3230 potest
1424 3089 1425 3179 3

366 3283 413 3361 ub
444 3281 647 3358 adulterium
680 3285 805 3360 uxoris.
